%YAML 1.1
%TAG !u! tag:unity3d.com,2011:
--- !u!1 &100000
GameObject:
  m_ObjectHideFlags: 0
  m_PrefabParentObject: {fileID: 0}
  m_PrefabInternal: {fileID: 100100000}
  serializedVersion: 4
  m_Component:
  - 4: {fileID: 400000}
  - 114: {fileID: 11400000}
  - 114: {fileID: 11400002}
  m_Layer: 0
  m_Name: '[GameSettings]'
  m_TagString: Untagged
  m_Icon: {fileID: 0}
  m_NavMeshLayer: 0
  m_StaticEditorFlags: 4294967295
  m_IsActive: 1
--- !u!4 &400000
Transform:
  m_ObjectHideFlags: 1
  m_PrefabParentObject: {fileID: 0}
  m_PrefabInternal: {fileID: 100100000}
  m_GameObject: {fileID: 100000}
  m_LocalRotation: {x: 0, y: 0, z: 0, w: 1}
  m_LocalPosition: {x: 0, y: 0, z: 0}
  m_LocalScale: {x: 1, y: 1, z: 1}
  m_Children: []
  m_Father: {fileID: 0}
--- !u!114 &11400000
MonoBehaviour:
  m_ObjectHideFlags: 1
  m_PrefabParentObject: {fileID: 0}
  m_PrefabInternal: {fileID: 100100000}
  m_GameObject: {fileID: 100000}
  m_Enabled: 1
  m_EditorHideFlags: 0
  m_Script: {fileID: 11500000, guid: 21c1b79ad2a4f2745b32be1838881074, type: 3}
  m_Name: 
  m_EditorClassIdentifier: 
  ClickLayers:
    serializedVersion: 2
    m_Bits: 4096
  GUIStyleButtonClose:
    m_Name: 
    m_Normal:
      m_Background: {fileID: 2800000, guid: 66bedfda11b48894ba97f4bec919f211, type: 3}
      m_TextColor: {r: 0, g: 0, b: 0, a: 1}
    m_Hover:
      m_Background: {fileID: 2800000, guid: bb799f393513547428adfdbca35432f4, type: 3}
      m_TextColor: {r: 0, g: 0, b: 0, a: 1}
    m_Active:
      m_Background: {fileID: 2800000, guid: 115ee6859246edb4281ba5682c1937ae, type: 3}
      m_TextColor: {r: 0, g: 0, b: 0, a: 1}
    m_Focused:
      m_Background: {fileID: 0}
      m_TextColor: {r: 0, g: 0, b: 0, a: 1}
    m_OnNormal:
      m_Background: {fileID: 0}
      m_TextColor: {r: 0, g: 0, b: 0, a: 1}
    m_OnHover:
      m_Background: {fileID: 0}
      m_TextColor: {r: 0, g: 0, b: 0, a: 1}
    m_OnActive:
      m_Background: {fileID: 0}
      m_TextColor: {r: 0, g: 0, b: 0, a: 1}
    m_OnFocused:
      m_Background: {fileID: 0}
      m_TextColor: {r: 0, g: 0, b: 0, a: 1}
    m_Border:
      m_Left: 1
      m_Right: 1
      m_Top: 1
      m_Bottom: 1
    m_Margin:
      m_Left: 0
      m_Right: 0
      m_Top: 0
      m_Bottom: 0
    m_Padding:
      m_Left: 0
      m_Right: 0
      m_Top: 0
      m_Bottom: 0
    m_Overflow:
      m_Left: 0
      m_Right: 0
      m_Top: 0
      m_Bottom: 0
    m_Font: {fileID: 12800000, guid: 3028b76e8844d7247b46cf1bf0cfeffb, type: 3}
    m_FontSize: 12
    m_FontStyle: 0
    m_Alignment: 0
    m_WordWrap: 0
    m_RichText: 0
    m_TextClipping: 0
    m_ImagePosition: 0
    m_ContentOffset: {x: 0, y: 0}
    m_FixedWidth: 16
    m_FixedHeight: 16
    m_StretchWidth: 0
    m_StretchHeight: 0
  GUIStyleButtonNpcChoiceList:
    m_Name: 
    m_Normal:
      m_Background: {fileID: 0}
      m_TextColor: {r: 1, g: .91922003, b: 0, a: 1}
    m_Hover:
      m_Background: {fileID: 2800000, guid: 0dd8ccf4ded9e8646b162755d5584140, type: 3}
      m_TextColor: {r: 1, g: .91922003, b: 0, a: 1}
    m_Active:
      m_Background: {fileID: 0}
      m_TextColor: {r: 0, g: 0, b: 0, a: 1}
    m_Focused:
      m_Background: {fileID: 0}
      m_TextColor: {r: 0, g: 0, b: 0, a: 1}
    m_OnNormal:
      m_Background: {fileID: 0}
      m_TextColor: {r: 0, g: 0, b: 0, a: 1}
    m_OnHover:
      m_Background: {fileID: 0}
      m_TextColor: {r: 0, g: 0, b: 0, a: 1}
    m_OnActive:
      m_Background: {fileID: 0}
      m_TextColor: {r: 0, g: 0, b: 0, a: 1}
    m_OnFocused:
      m_Background: {fileID: 0}
      m_TextColor: {r: 0, g: 0, b: 0, a: 1}
    m_Border:
      m_Left: 0
      m_Right: 0
      m_Top: 0
      m_Bottom: 0
    m_Margin:
      m_Left: 0
      m_Right: 0
      m_Top: 0
      m_Bottom: 0
    m_Padding:
      m_Left: 0
      m_Right: 0
      m_Top: 0
      m_Bottom: 0
    m_Overflow:
      m_Left: 0
      m_Right: 0
      m_Top: 0
      m_Bottom: 0
    m_Font: {fileID: 12800000, guid: 3028b76e8844d7247b46cf1bf0cfeffb, type: 3}
    m_FontSize: 12
    m_FontStyle: 0
    m_Alignment: 6
    m_WordWrap: 0
    m_RichText: 1
    m_TextClipping: 1
    m_ImagePosition: 0
    m_ContentOffset: {x: 0, y: 0}
    m_FixedWidth: 0
    m_FixedHeight: 20
    m_StretchWidth: 1
    m_StretchHeight: 0
  GUIStyleButtonSelection:
    m_Name: 
    m_Normal:
      m_Background: {fileID: 2800000, guid: 1810c19af4ac7f6498708b4fc813bcaa, type: 3}
      m_TextColor: {r: 1, g: .916745245, b: .267041683, a: 1}
    m_Hover:
      m_Background: {fileID: 2800000, guid: 883178de656f93a439210753cf87b6c7, type: 3}
      m_TextColor: {r: .996078432, g: .913725495, b: .266666681, a: 1}
    m_Active:
      m_Background: {fileID: 0}
      m_TextColor: {r: 0, g: 0, b: 0, a: 1}
    m_Focused:
      m_Background: {fileID: 0}
      m_TextColor: {r: 0, g: 0, b: 0, a: 1}
    m_OnNormal:
      m_Background: {fileID: 2800000, guid: 4127f42ce0bccd142a736c87c0084cd7, type: 3}
      m_TextColor: {r: .988235295, g: .905882359, b: .266666681, a: 1}
    m_OnHover:
      m_Background: {fileID: 0}
      m_TextColor: {r: 0, g: 0, b: 0, a: 1}
    m_OnActive:
      m_Background: {fileID: 0}
      m_TextColor: {r: 0, g: 0, b: 0, a: 1}
    m_OnFocused:
      m_Background: {fileID: 0}
      m_TextColor: {r: 0, g: 0, b: 0, a: 1}
    m_Border:
      m_Left: 2
      m_Right: 2
      m_Top: 2
      m_Bottom: 2
    m_Margin:
      m_Left: 0
      m_Right: 0
      m_Top: 0
      m_Bottom: 0
    m_Padding:
      m_Left: 15
      m_Right: 0
      m_Top: 3
      m_Bottom: 0
    m_Overflow:
      m_Left: 0
      m_Right: 0
      m_Top: 0
      m_Bottom: 0
    m_Font: {fileID: 12800000, guid: b87416a7a470bb9449615cbbae67a8a9, type: 3}
    m_FontSize: 12
    m_FontStyle: 1
    m_Alignment: 3
    m_WordWrap: 0
    m_RichText: 1
    m_TextClipping: 0
    m_ImagePosition: 0
    m_ContentOffset: {x: 0, y: 0}
    m_FixedWidth: 0
    m_FixedHeight: 0
    m_StretchWidth: 1
    m_StretchHeight: 0
  GUIStyleButtonPlain:
    m_Name: 
    m_Normal:
      m_Background: {fileID: 0}
      m_TextColor: {r: 0, g: 0, b: 0, a: 1}
    m_Hover:
      m_Background: {fileID: 0}
      m_TextColor: {r: 0, g: 0, b: 0, a: 1}
    m_Active:
      m_Background: {fileID: 0}
      m_TextColor: {r: 0, g: 0, b: 0, a: 1}
    m_Focused:
      m_Background: {fileID: 0}
      m_TextColor: {r: 0, g: 0, b: 0, a: 1}
    m_OnNormal:
      m_Background: {fileID: 0}
      m_TextColor: {r: 0, g: 0, b: 0, a: 1}
    m_OnHover:
      m_Background: {fileID: 0}
      m_TextColor: {r: 0, g: 0, b: 0, a: 1}
    m_OnActive:
      m_Background: {fileID: 0}
      m_TextColor: {r: 0, g: 0, b: 0, a: 1}
    m_OnFocused:
      m_Background: {fileID: 0}
      m_TextColor: {r: 0, g: 0, b: 0, a: 1}
    m_Border:
      m_Left: 0
      m_Right: 0
      m_Top: 0
      m_Bottom: 0
    m_Margin:
      m_Left: 0
      m_Right: 0
      m_Top: 0
      m_Bottom: 0
    m_Padding:
      m_Left: 0
      m_Right: 0
      m_Top: 0
      m_Bottom: 0
    m_Overflow:
      m_Left: 0
      m_Right: 0
      m_Top: 0
      m_Bottom: 0
    m_Font: {fileID: 12800000, guid: 669a9aa568e7db04ca9a139c2a92011e, type: 3}
    m_FontSize: 11
    m_FontStyle: 0
    m_Alignment: 0
    m_WordWrap: 0
    m_RichText: 1
    m_TextClipping: 1
    m_ImagePosition: 0
    m_ContentOffset: {x: 0, y: 0}
    m_FixedWidth: 0
    m_FixedHeight: 0
    m_StretchWidth: 0
    m_StretchHeight: 0
  GUIStyleButtonContextMenu:
    m_Name: 
    m_Normal:
      m_Background: {fileID: 2800000, guid: 40e7f35ab1c860c47a2012c8b0d8b21f, type: 3}
      m_TextColor: {r: 1, g: 1, b: 1, a: 1}
    m_Hover:
      m_Background: {fileID: 2800000, guid: 33ee17c940ba2534eb91cd1375f4a14f, type: 3}
      m_TextColor: {r: 1, g: 1, b: 1, a: 1}
    m_Active:
      m_Background: {fileID: 2800000, guid: 4fb27863f31c8a0439dd92b5846c3a3c, type: 3}
      m_TextColor: {r: 1, g: 1, b: 1, a: 1}
    m_Focused:
      m_Background: {fileID: 0}
      m_TextColor: {r: 0, g: 0, b: 0, a: 1}
    m_OnNormal:
      m_Background: {fileID: 0}
      m_TextColor: {r: 0, g: 0, b: 0, a: 1}
    m_OnHover:
      m_Background: {fileID: 0}
      m_TextColor: {r: 0, g: 0, b: 0, a: 1}
    m_OnActive:
      m_Background: {fileID: 0}
      m_TextColor: {r: 0, g: 0, b: 0, a: 1}
    m_OnFocused:
      m_Background: {fileID: 0}
      m_TextColor: {r: 0, g: 0, b: 0, a: 1}
    m_Border:
      m_Left: 2
      m_Right: 2
      m_Top: 2
      m_Bottom: 2
    m_Margin:
      m_Left: 0
      m_Right: 0
      m_Top: 0
      m_Bottom: 0
    m_Padding:
      m_Left: 0
      m_Right: 0
      m_Top: 0
      m_Bottom: 0
    m_Overflow:
      m_Left: 0
      m_Right: 0
      m_Top: 0
      m_Bottom: 0
    m_Font: {fileID: 12800000, guid: b87416a7a470bb9449615cbbae67a8a9, type: 3}
    m_FontSize: 13
    m_FontStyle: 0
    m_Alignment: 4
    m_WordWrap: 0
    m_RichText: 0
    m_TextClipping: 0
    m_ImagePosition: 3
    m_ContentOffset: {x: 0, y: 2}
    m_FixedWidth: 0
    m_FixedHeight: 0
    m_StretchWidth: 1
    m_StretchHeight: 0
  GUIStyleButtonTabs:
    m_Name: 
    m_Normal:
      m_Background: {fileID: 2800000, guid: adcfef359633c714f89cc7b6fa9972a2, type: 3}
      m_TextColor: {r: .490196079, g: .662745118, b: .717647076, a: 1}
    m_Hover:
      m_Background: {fileID: 2800000, guid: 45195e59a911833478b8e4ed7f8de11f, type: 3}
      m_TextColor: {r: .584094465, g: .786382079, b: .850746274, a: 1}
    m_Active:
      m_Background: {fileID: 2800000, guid: 7a4278574cb048542865e0c2ee8b186a, type: 3}
      m_TextColor: {r: .440632641, g: .593235552, b: .641791046, a: 1}
    m_Focused:
      m_Background: {fileID: 0}
      m_TextColor: {r: 0, g: 0, b: 0, a: 1}
    m_OnNormal:
      m_Background: {fileID: 0}
      m_TextColor: {r: 0, g: 0, b: 0, a: 1}
    m_OnHover:
      m_Background: {fileID: 0}
      m_TextColor: {r: 0, g: 0, b: 0, a: 1}
    m_OnActive:
      m_Background: {fileID: 0}
      m_TextColor: {r: 0, g: 0, b: 0, a: 1}
    m_OnFocused:
      m_Background: {fileID: 0}
      m_TextColor: {r: 0, g: 0, b: 0, a: 1}
    m_Border:
      m_Left: 0
      m_Right: 0
      m_Top: 0
      m_Bottom: 0
    m_Margin:
      m_Left: 0
      m_Right: 0
      m_Top: 0
      m_Bottom: 0
    m_Padding:
      m_Left: 0
      m_Right: 0
      m_Top: 0
      m_Bottom: 0
    m_Overflow:
      m_Left: 0
      m_Right: 0
      m_Top: 0
      m_Bottom: 0
    m_Font: {fileID: 12800000, guid: 669a9aa568e7db04ca9a139c2a92011e, type: 3}
    m_FontSize: 18
    m_FontStyle: 1
    m_Alignment: 4
    m_WordWrap: 0
    m_RichText: 1
    m_TextClipping: 1
    m_ImagePosition: 0
    m_ContentOffset: {x: -2, y: 0}
    m_FixedWidth: 0
    m_FixedHeight: 0
    m_StretchWidth: 0
    m_StretchHeight: 0
  GUIStyleButtonLootName:
    m_Name: 
    m_Normal:
      m_Background: {fileID: 0}
      m_TextColor: {r: 1, g: .91922003, b: 0, a: 1}
    m_Hover:
      m_Background: {fileID: 0}
      m_TextColor: {r: 0, g: 0, b: 0, a: 1}
    m_Active:
      m_Background: {fileID: 0}
      m_TextColor: {r: 0, g: 0, b: 0, a: 1}
    m_Focused:
      m_Background: {fileID: 0}
      m_TextColor: {r: 0, g: 0, b: 0, a: 1}
    m_OnNormal:
      m_Background: {fileID: 0}
      m_TextColor: {r: 0, g: 0, b: 0, a: 1}
    m_OnHover:
      m_Background: {fileID: 0}
      m_TextColor: {r: 0, g: 0, b: 0, a: 1}
    m_OnActive:
      m_Background: {fileID: 0}
      m_TextColor: {r: 0, g: 0, b: 0, a: 1}
    m_OnFocused:
      m_Background: {fileID: 0}
      m_TextColor: {r: 0, g: 0, b: 0, a: 1}
    m_Border:
      m_Left: 0
      m_Right: 0
      m_Top: 0
      m_Bottom: 0
    m_Margin:
      m_Left: 0
      m_Right: 0
      m_Top: 0
      m_Bottom: 0
    m_Padding:
      m_Left: 0
      m_Right: 0
      m_Top: 0
      m_Bottom: 0
    m_Overflow:
      m_Left: 0
      m_Right: 0
      m_Top: 0
      m_Bottom: 0
    m_Font: {fileID: 12800000, guid: 669a9aa568e7db04ca9a139c2a92011e, type: 3}
    m_FontSize: 13
    m_FontStyle: 1
    m_Alignment: 0
    m_WordWrap: 1
    m_RichText: 1
    m_TextClipping: 1
    m_ImagePosition: 3
    m_ContentOffset: {x: 0, y: 0}
    m_FixedWidth: 0
    m_FixedHeight: 0
    m_StretchWidth: 1
    m_StretchHeight: 0
  GUIStyleButtonQuestReward:
    m_Name: 
    m_Normal:
      m_Background: {fileID: 0}
      m_TextColor: {r: 1, g: 1, b: 1, a: 1}
    m_Hover:
      m_Background: {fileID: 0}
      m_TextColor: {r: 0, g: 0, b: 0, a: 1}
    m_Active:
      m_Background: {fileID: 0}
      m_TextColor: {r: 0, g: 0, b: 0, a: 1}
    m_Focused:
      m_Background: {fileID: 0}
      m_TextColor: {r: 0, g: 0, b: 0, a: 1}
    m_OnNormal:
      m_Background: {fileID: 0}
      m_TextColor: {r: 0, g: 0, b: 0, a: 1}
    m_OnHover:
      m_Background: {fileID: 0}
      m_TextColor: {r: 0, g: 0, b: 0, a: 1}
    m_OnActive:
      m_Background: {fileID: 0}
      m_TextColor: {r: 0, g: 0, b: 0, a: 1}
    m_OnFocused:
      m_Background: {fileID: 0}
      m_TextColor: {r: 0, g: 0, b: 0, a: 1}
    m_Border:
      m_Left: 0
      m_Right: 0
      m_Top: 0
      m_Bottom: 0
    m_Margin:
      m_Left: 0
      m_Right: 0
      m_Top: 0
      m_Bottom: 0
    m_Padding:
      m_Left: 0
      m_Right: 0
      m_Top: 0
      m_Bottom: 0
    m_Overflow:
      m_Left: 0
      m_Right: 0
      m_Top: 0
      m_Bottom: 0
    m_Font: {fileID: 12800000, guid: 3028b76e8844d7247b46cf1bf0cfeffb, type: 3}
    m_FontSize: 12
    m_FontStyle: 1
    m_Alignment: 3
    m_WordWrap: 1
    m_RichText: 1
    m_TextClipping: 1
    m_ImagePosition: 0
    m_ContentOffset: {x: 0, y: 0}
    m_FixedWidth: 0
    m_FixedHeight: 38
    m_StretchWidth: 1
    m_StretchHeight: 0
  GUIStyleButtonMinimapOption:
    m_Name: 
    m_Normal:
      m_Background: {fileID: 2800000, guid: 49988bf846f7f29498f72ee42c1fbca8, type: 3}
      m_TextColor: {r: 1, g: 1, b: 1, a: 1}
    m_Hover:
      m_Background: {fileID: 2800000, guid: fc790abd5a4d0fe4bbd3ea39b6bcc5a3, type: 3}
      m_TextColor: {r: 1, g: 1, b: 1, a: 1}
    m_Active:
      m_Background: {fileID: 2800000, guid: e6794a2ea0046fd48b31e2b44b32b576, type: 3}
      m_TextColor: {r: 1, g: 1, b: 1, a: 1}
    m_Focused:
      m_Background: {fileID: 0}
      m_TextColor: {r: 0, g: 0, b: 0, a: 1}
    m_OnNormal:
      m_Background: {fileID: 0}
      m_TextColor: {r: 0, g: 0, b: 0, a: 1}
    m_OnHover:
      m_Background: {fileID: 0}
      m_TextColor: {r: 0, g: 0, b: 0, a: 1}
    m_OnActive:
      m_Background: {fileID: 0}
      m_TextColor: {r: 0, g: 0, b: 0, a: 1}
    m_OnFocused:
      m_Background: {fileID: 0}
      m_TextColor: {r: 0, g: 0, b: 0, a: 1}
    m_Border:
      m_Left: 0
      m_Right: 0
      m_Top: 0
      m_Bottom: 0
    m_Margin:
      m_Left: 0
      m_Right: 0
      m_Top: 0
      m_Bottom: 0
    m_Padding:
      m_Left: 0
      m_Right: 0
      m_Top: 0
      m_Bottom: 0
    m_Overflow:
      m_Left: 0
      m_Right: 0
      m_Top: 0
      m_Bottom: 0
    m_Font: {fileID: 12800000, guid: 669a9aa568e7db04ca9a139c2a92011e, type: 3}
    m_FontSize: 20
    m_FontStyle: 1
    m_Alignment: 4
    m_WordWrap: 0
    m_RichText: 0
    m_TextClipping: 0
    m_ImagePosition: 0
    m_ContentOffset: {x: 0, y: 2}
    m_FixedWidth: 0
    m_FixedHeight: 0
    m_StretchWidth: 1
    m_StretchHeight: 0
  GUIStyleButtonLink:
    m_Name: 
    m_Normal:
      m_Background: {fileID: 2800000, guid: cac1f53b49df35942861f913c8d7f8b1, type: 3}
      m_TextColor: {r: .947761178, g: .878427446, b: .537536204, a: 1}
    m_Hover:
      m_Background: {fileID: 2800000, guid: 8cc7408d816427f49a969eb161f10cfa, type: 3}
      m_TextColor: {r: 1, g: .895331502, b: .353363812, a: 1}
    m_Active:
      m_Background: {fileID: 0}
      m_TextColor: {r: 0, g: 0, b: 0, a: 1}
    m_Focused:
      m_Background: {fileID: 0}
      m_TextColor: {r: 0, g: 0, b: 0, a: 1}
    m_OnNormal:
      m_Background: {fileID: 0}
      m_TextColor: {r: 0, g: 0, b: 0, a: 1}
    m_OnHover:
      m_Background: {fileID: 0}
      m_TextColor: {r: 0, g: 0, b: 0, a: 1}
    m_OnActive:
      m_Background: {fileID: 0}
      m_TextColor: {r: 0, g: 0, b: 0, a: 1}
    m_OnFocused:
      m_Background: {fileID: 0}
      m_TextColor: {r: 0, g: 0, b: 0, a: 1}
    m_Border:
      m_Left: 2
      m_Right: 2
      m_Top: 1
      m_Bottom: 1
    m_Margin:
      m_Left: 0
      m_Right: 0
      m_Top: 0
      m_Bottom: 0
    m_Padding:
      m_Left: 0
      m_Right: 0
      m_Top: 0
      m_Bottom: 0
    m_Overflow:
      m_Left: 0
      m_Right: 0
      m_Top: 0
      m_Bottom: 0
    m_Font: {fileID: 12800000, guid: b87416a7a470bb9449615cbbae67a8a9, type: 3}
    m_FontSize: 11
    m_FontStyle: 2
    m_Alignment: 0
    m_WordWrap: 0
    m_RichText: 1
    m_TextClipping: 0
    m_ImagePosition: 0
    m_ContentOffset: {x: 0, y: 0}
    m_FixedWidth: 0
    m_FixedHeight: 0
    m_StretchWidth: 1
    m_StretchHeight: 0
  GUIStyleButtonCharacterSelection:
    m_Name: 
    m_Normal:
      m_Background: {fileID: 2800000, guid: a5774f174031a2e4ba187edb30b3fc5c, type: 3}
      m_TextColor: {r: 1, g: 1, b: 1, a: 1}
    m_Hover:
      m_Background: {fileID: 2800000, guid: f4cbb3aa6fe380c4d92a1afeea1eb6dc, type: 3}
      m_TextColor: {r: 1, g: 1, b: 1, a: 1}
    m_Active:
      m_Background: {fileID: 2800000, guid: 6dd3b5b8ddfcc1e4288c054bce137059, type: 3}
      m_TextColor: {r: 1, g: 1, b: 1, a: 1}
    m_Focused:
      m_Background: {fileID: 0}
      m_TextColor: {r: 0, g: 0, b: 0, a: 1}
    m_OnNormal:
      m_Background: {fileID: 0}
      m_TextColor: {r: 0, g: 0, b: 0, a: 1}
    m_OnHover:
      m_Background: {fileID: 0}
      m_TextColor: {r: 0, g: 0, b: 0, a: 1}
    m_OnActive:
      m_Background: {fileID: 0}
      m_TextColor: {r: 0, g: 0, b: 0, a: 1}
    m_OnFocused:
      m_Background: {fileID: 0}
      m_TextColor: {r: 0, g: 0, b: 0, a: 1}
    m_Border:
      m_Left: 0
      m_Right: 0
      m_Top: 0
      m_Bottom: 0
    m_Margin:
      m_Left: 0
      m_Right: 0
      m_Top: 0
      m_Bottom: 0
    m_Padding:
      m_Left: 0
      m_Right: 0
      m_Top: 0
      m_Bottom: 0
    m_Overflow:
      m_Left: 0
      m_Right: 0
      m_Top: 0
      m_Bottom: 0
    m_Font: {fileID: 12800000, guid: b87416a7a470bb9449615cbbae67a8a9, type: 3}
    m_FontSize: 13
    m_FontStyle: 1
    m_Alignment: 3
    m_WordWrap: 0
    m_RichText: 1
    m_TextClipping: 0
    m_ImagePosition: 0
    m_ContentOffset: {x: 10, y: 0}
    m_FixedWidth: 0
    m_FixedHeight: 0
    m_StretchWidth: 1
    m_StretchHeight: 0
  GUIStyleChatLink:
    m_Name: 
    m_Normal:
      m_Background: {fileID: 0}
      m_TextColor: {r: 1, g: 1, b: 1, a: 1}
    m_Hover:
      m_Background: {fileID: 0}
      m_TextColor: {r: 1, g: .783582091, b: .783582091, a: 1}
    m_Active:
      m_Background: {fileID: 0}
      m_TextColor: {r: 0, g: 0, b: 0, a: 1}
    m_Focused:
      m_Background: {fileID: 0}
      m_TextColor: {r: 0, g: 0, b: 0, a: 1}
    m_OnNormal:
      m_Background: {fileID: 0}
      m_TextColor: {r: 0, g: 0, b: 0, a: 1}
    m_OnHover:
      m_Background: {fileID: 0}
      m_TextColor: {r: 0, g: 0, b: 0, a: 1}
    m_OnActive:
      m_Background: {fileID: 0}
      m_TextColor: {r: 0, g: 0, b: 0, a: 1}
    m_OnFocused:
      m_Background: {fileID: 0}
      m_TextColor: {r: 0, g: 0, b: 0, a: 1}
    m_Border:
      m_Left: 0
      m_Right: 0
      m_Top: 0
      m_Bottom: 0
    m_Margin:
      m_Left: 0
      m_Right: 0
      m_Top: 0
      m_Bottom: 0
    m_Padding:
      m_Left: 0
      m_Right: 0
      m_Top: 0
      m_Bottom: 0
    m_Overflow:
      m_Left: 0
      m_Right: 0
      m_Top: 0
      m_Bottom: 0
    m_Font: {fileID: 12800000, guid: da6c791b523d35245b02d8647d69a23d, type: 3}
    m_FontSize: 14
    m_FontStyle: 1
    m_Alignment: 0
    m_WordWrap: 1
    m_RichText: 1
    m_TextClipping: 0
    m_ImagePosition: 3
    m_ContentOffset: {x: 0, y: 0}
    m_FixedWidth: 0
    m_FixedHeight: 0
    m_StretchWidth: 1
    m_StretchHeight: 0
  GUIStyleButtonAccept:
    m_Name: 
    m_Normal:
      m_Background: {fileID: 2800000, guid: 463090ce41d11bd43837bec0fad6ed6c, type: 3}
      m_TextColor: {r: 0, g: 0, b: 0, a: 1}
    m_Hover:
      m_Background: {fileID: 2800000, guid: d76f163f031a1164f908065ba7a3dce2, type: 3}
      m_TextColor: {r: 0, g: 0, b: 0, a: 1}
    m_Active:
      m_Background: {fileID: 0}
      m_TextColor: {r: 0, g: 0, b: 0, a: 1}
    m_Focused:
      m_Background: {fileID: 0}
      m_TextColor: {r: 0, g: 0, b: 0, a: 1}
    m_OnNormal:
      m_Background: {fileID: 0}
      m_TextColor: {r: 0, g: 0, b: 0, a: 1}
    m_OnHover:
      m_Background: {fileID: 0}
      m_TextColor: {r: 0, g: 0, b: 0, a: 1}
    m_OnActive:
      m_Background: {fileID: 0}
      m_TextColor: {r: 0, g: 0, b: 0, a: 1}
    m_OnFocused:
      m_Background: {fileID: 0}
      m_TextColor: {r: 0, g: 0, b: 0, a: 1}
    m_Border:
      m_Left: 0
      m_Right: 0
      m_Top: 0
      m_Bottom: 0
    m_Margin:
      m_Left: 0
      m_Right: 0
      m_Top: 0
      m_Bottom: 0
    m_Padding:
      m_Left: 0
      m_Right: 0
      m_Top: 0
      m_Bottom: 0
    m_Overflow:
      m_Left: 0
      m_Right: 0
      m_Top: 0
      m_Bottom: 0
    m_Font: {fileID: 0}
    m_FontSize: 0
    m_FontStyle: 0
    m_Alignment: 0
    m_WordWrap: 0
    m_RichText: 1
    m_TextClipping: 0
    m_ImagePosition: 0
    m_ContentOffset: {x: 0, y: 0}
    m_FixedWidth: 0
    m_FixedHeight: 0
    m_StretchWidth: 1
    m_StretchHeight: 0
  GUIStyleButtonDecline:
    m_Name: 
    m_Normal:
      m_Background: {fileID: 2800000, guid: b18927d29ed1e864fad9684b5dec05ea, type: 3}
      m_TextColor: {r: 0, g: 0, b: 0, a: 1}
    m_Hover:
      m_Background: {fileID: 2800000, guid: 1ec4c3d248d1eed40b5c6c3e33c12753, type: 3}
      m_TextColor: {r: 0, g: 0, b: 0, a: 1}
    m_Active:
      m_Background: {fileID: 0}
      m_TextColor: {r: 0, g: 0, b: 0, a: 1}
    m_Focused:
      m_Background: {fileID: 0}
      m_TextColor: {r: 0, g: 0, b: 0, a: 1}
    m_OnNormal:
      m_Background: {fileID: 0}
      m_TextColor: {r: 0, g: 0, b: 0, a: 1}
    m_OnHover:
      m_Background: {fileID: 0}
      m_TextColor: {r: 0, g: 0, b: 0, a: 1}
    m_OnActive:
      m_Background: {fileID: 0}
      m_TextColor: {r: 0, g: 0, b: 0, a: 1}
    m_OnFocused:
      m_Background: {fileID: 0}
      m_TextColor: {r: 0, g: 0, b: 0, a: 1}
    m_Border:
      m_Left: 0
      m_Right: 0
      m_Top: 0
      m_Bottom: 0
    m_Margin:
      m_Left: 0
      m_Right: 0
      m_Top: 0
      m_Bottom: 0
    m_Padding:
      m_Left: 0
      m_Right: 0
      m_Top: 0
      m_Bottom: 0
    m_Overflow:
      m_Left: 0
      m_Right: 0
      m_Top: 0
      m_Bottom: 0
    m_Font: {fileID: 0}
    m_FontSize: 0
    m_FontStyle: 0
    m_Alignment: 0
    m_WordWrap: 0
    m_RichText: 1
    m_TextClipping: 0
    m_ImagePosition: 0
    m_ContentOffset: {x: 0, y: 0}
    m_FixedWidth: 0
    m_FixedHeight: 0
    m_StretchWidth: 1
    m_StretchHeight: 0
  GUIStyleCharacterAttributesInfoName:
    m_Name: 
    m_Normal:
      m_Background: {fileID: 0}
      m_TextColor: {r: 1, g: .835654557, b: 0, a: 1}
    m_Hover:
      m_Background: {fileID: 0}
      m_TextColor: {r: 0, g: 0, b: 0, a: 1}
    m_Active:
      m_Background: {fileID: 0}
      m_TextColor: {r: 0, g: 0, b: 0, a: 1}
    m_Focused:
      m_Background: {fileID: 0}
      m_TextColor: {r: 0, g: 0, b: 0, a: 1}
    m_OnNormal:
      m_Background: {fileID: 0}
      m_TextColor: {r: 0, g: 0, b: 0, a: 1}
    m_OnHover:
      m_Background: {fileID: 0}
      m_TextColor: {r: 0, g: 0, b: 0, a: 1}
    m_OnActive:
      m_Background: {fileID: 0}
      m_TextColor: {r: 0, g: 0, b: 0, a: 1}
    m_OnFocused:
      m_Background: {fileID: 0}
      m_TextColor: {r: 0, g: 0, b: 0, a: 1}
    m_Border:
      m_Left: 0
      m_Right: 0
      m_Top: 0
      m_Bottom: 0
    m_Margin:
      m_Left: 0
      m_Right: 0
      m_Top: 0
      m_Bottom: 0
    m_Padding:
      m_Left: 0
      m_Right: 0
      m_Top: 0
      m_Bottom: 0
    m_Overflow:
      m_Left: 0
      m_Right: 0
      m_Top: 0
      m_Bottom: 0
    m_Font: {fileID: 12800000, guid: 669a9aa568e7db04ca9a139c2a92011e, type: 3}
    m_FontSize: 14
    m_FontStyle: 1
    m_Alignment: 4
    m_WordWrap: 0
    m_RichText: 1
    m_TextClipping: 1
    m_ImagePosition: 3
    m_ContentOffset: {x: 0, y: 0}
    m_FixedWidth: 0
    m_FixedHeight: 0
    m_StretchWidth: 1
    m_StretchHeight: 0
  GUIStyleCharacterStatValue:
    m_Name: 
    m_Normal:
      m_Background: {fileID: 0}
      m_TextColor: {r: 1, g: 1, b: 1, a: 1}
    m_Hover:
      m_Background: {fileID: 0}
      m_TextColor: {r: 0, g: 0, b: 0, a: 1}
    m_Active:
      m_Background: {fileID: 0}
      m_TextColor: {r: 0, g: 0, b: 0, a: 1}
    m_Focused:
      m_Background: {fileID: 0}
      m_TextColor: {r: 0, g: 0, b: 0, a: 1}
    m_OnNormal:
      m_Background: {fileID: 0}
      m_TextColor: {r: 0, g: 0, b: 0, a: 1}
    m_OnHover:
      m_Background: {fileID: 0}
      m_TextColor: {r: 0, g: 0, b: 0, a: 1}
    m_OnActive:
      m_Background: {fileID: 0}
      m_TextColor: {r: 0, g: 0, b: 0, a: 1}
    m_OnFocused:
      m_Background: {fileID: 0}
      m_TextColor: {r: 0, g: 0, b: 0, a: 1}
    m_Border:
      m_Left: 0
      m_Right: 0
      m_Top: 0
      m_Bottom: 0
    m_Margin:
      m_Left: 0
      m_Right: 0
      m_Top: 0
      m_Bottom: 0
    m_Padding:
      m_Left: 0
      m_Right: 0
      m_Top: 0
      m_Bottom: 0
    m_Overflow:
      m_Left: 0
      m_Right: 0
      m_Top: 0
      m_Bottom: 0
    m_Font: {fileID: 12800000, guid: 75c92d831035f5e4a9a9ef9b7eab6fdb, type: 3}
    m_FontSize: 12
    m_FontStyle: 1
    m_Alignment: 5
    m_WordWrap: 0
    m_RichText: 0
    m_TextClipping: 1
    m_ImagePosition: 3
    m_ContentOffset: {x: 0, y: 0}
    m_FixedWidth: 0
    m_FixedHeight: 0
    m_StretchWidth: 1
    m_StretchHeight: 0
  GUIStyleCharacterSpellItemName:
    m_Name: 
    m_Normal:
      m_Background: {fileID: 0}
      m_TextColor: {r: 1, g: .823529422, b: 0, a: 1}
    m_Hover:
      m_Background: {fileID: 0}
      m_TextColor: {r: 0, g: 0, b: 0, a: 1}
    m_Active:
      m_Background: {fileID: 0}
      m_TextColor: {r: 0, g: 0, b: 0, a: 1}
    m_Focused:
      m_Background: {fileID: 0}
      m_TextColor: {r: 0, g: 0, b: 0, a: 1}
    m_OnNormal:
      m_Background: {fileID: 0}
      m_TextColor: {r: 0, g: 0, b: 0, a: 1}
    m_OnHover:
      m_Background: {fileID: 0}
      m_TextColor: {r: 0, g: 0, b: 0, a: 1}
    m_OnActive:
      m_Background: {fileID: 0}
      m_TextColor: {r: 0, g: 0, b: 0, a: 1}
    m_OnFocused:
      m_Background: {fileID: 0}
      m_TextColor: {r: 0, g: 0, b: 0, a: 1}
    m_Border:
      m_Left: 0
      m_Right: 0
      m_Top: 0
      m_Bottom: 0
    m_Margin:
      m_Left: 0
      m_Right: 0
      m_Top: 0
      m_Bottom: 0
    m_Padding:
      m_Left: 0
      m_Right: 0
      m_Top: 0
      m_Bottom: 0
    m_Overflow:
      m_Left: 0
      m_Right: 0
      m_Top: 0
      m_Bottom: 0
    m_Font: {fileID: 12800000, guid: b87416a7a470bb9449615cbbae67a8a9, type: 3}
    m_FontSize: 12
    m_FontStyle: 1
    m_Alignment: 0
    m_WordWrap: 1
    m_RichText: 1
    m_TextClipping: 1
    m_ImagePosition: 0
    m_ContentOffset: {x: 0, y: 0}
    m_FixedWidth: 0
    m_FixedHeight: 0
    m_StretchWidth: 1
    m_StretchHeight: 0
  GUIStyleCastBarPlayerAbilityName:
    m_Name: 
    m_Normal:
      m_Background: {fileID: 0}
      m_TextColor: {r: 1, g: 1, b: 1, a: 1}
    m_Hover:
      m_Background: {fileID: 0}
      m_TextColor: {r: 0, g: 0, b: 0, a: 1}
    m_Active:
      m_Background: {fileID: 0}
      m_TextColor: {r: 0, g: 0, b: 0, a: 1}
    m_Focused:
      m_Background: {fileID: 0}
      m_TextColor: {r: 0, g: 0, b: 0, a: 1}
    m_OnNormal:
      m_Background: {fileID: 0}
      m_TextColor: {r: 0, g: 0, b: 0, a: 1}
    m_OnHover:
      m_Background: {fileID: 0}
      m_TextColor: {r: 0, g: 0, b: 0, a: 1}
    m_OnActive:
      m_Background: {fileID: 0}
      m_TextColor: {r: 0, g: 0, b: 0, a: 1}
    m_OnFocused:
      m_Background: {fileID: 0}
      m_TextColor: {r: 0, g: 0, b: 0, a: 1}
    m_Border:
      m_Left: 0
      m_Right: 0
      m_Top: 0
      m_Bottom: 0
    m_Margin:
      m_Left: 0
      m_Right: 0
      m_Top: 0
      m_Bottom: 0
    m_Padding:
      m_Left: 0
      m_Right: 0
      m_Top: 0
      m_Bottom: 0
    m_Overflow:
      m_Left: 0
      m_Right: 0
      m_Top: 0
      m_Bottom: 0
    m_Font: {fileID: 12800000, guid: b87416a7a470bb9449615cbbae67a8a9, type: 3}
    m_FontSize: 15
    m_FontStyle: 1
    m_Alignment: 0
    m_WordWrap: 0
    m_RichText: 1
    m_TextClipping: 0
    m_ImagePosition: 3
    m_ContentOffset: {x: 0, y: 0}
    m_FixedWidth: 0
    m_FixedHeight: 0
    m_StretchWidth: 1
    m_StretchHeight: 0
  GUIStyleCastBarPlayerAbilityTimer:
    m_Name: 
    m_Normal:
      m_Background: {fileID: 0}
      m_TextColor: {r: 1, g: 1, b: 1, a: 1}
    m_Hover:
      m_Background: {fileID: 0}
      m_TextColor: {r: 0, g: 0, b: 0, a: 1}
    m_Active:
      m_Background: {fileID: 0}
      m_TextColor: {r: 0, g: 0, b: 0, a: 1}
    m_Focused:
      m_Background: {fileID: 0}
      m_TextColor: {r: 0, g: 0, b: 0, a: 1}
    m_OnNormal:
      m_Background: {fileID: 0}
      m_TextColor: {r: 0, g: 0, b: 0, a: 1}
    m_OnHover:
      m_Background: {fileID: 0}
      m_TextColor: {r: 0, g: 0, b: 0, a: 1}
    m_OnActive:
      m_Background: {fileID: 0}
      m_TextColor: {r: 0, g: 0, b: 0, a: 1}
    m_OnFocused:
      m_Background: {fileID: 0}
      m_TextColor: {r: 0, g: 0, b: 0, a: 1}
    m_Border:
      m_Left: 0
      m_Right: 0
      m_Top: 0
      m_Bottom: 0
    m_Margin:
      m_Left: 0
      m_Right: 0
      m_Top: 0
      m_Bottom: 0
    m_Padding:
      m_Left: 0
      m_Right: 0
      m_Top: 0
      m_Bottom: 0
    m_Overflow:
      m_Left: 0
      m_Right: 0
      m_Top: 0
      m_Bottom: 0
    m_Font: {fileID: 12800000, guid: b87416a7a470bb9449615cbbae67a8a9, type: 3}
    m_FontSize: 15
    m_FontStyle: 1
    m_Alignment: 2
    m_WordWrap: 0
    m_RichText: 1
    m_TextClipping: 0
    m_ImagePosition: 3
    m_ContentOffset: {x: 0, y: 0}
    m_FixedWidth: 0
    m_FixedHeight: 0
    m_StretchWidth: 1
    m_StretchHeight: 0
  GUIStyleLabel:
    m_Name: 
    m_Normal:
      m_Background: {fileID: 0}
      m_TextColor: {r: 1, g: 1, b: 1, a: 1}
    m_Hover:
      m_Background: {fileID: 0}
      m_TextColor: {r: 0, g: 0, b: 0, a: 1}
    m_Active:
      m_Background: {fileID: 0}
      m_TextColor: {r: 0, g: 0, b: 0, a: 1}
    m_Focused:
      m_Background: {fileID: 0}
      m_TextColor: {r: 0, g: 0, b: 0, a: 1}
    m_OnNormal:
      m_Background: {fileID: 0}
      m_TextColor: {r: 0, g: 0, b: 0, a: 1}
    m_OnHover:
      m_Background: {fileID: 0}
      m_TextColor: {r: 0, g: 0, b: 0, a: 1}
    m_OnActive:
      m_Background: {fileID: 0}
      m_TextColor: {r: 0, g: 0, b: 0, a: 1}
    m_OnFocused:
      m_Background: {fileID: 0}
      m_TextColor: {r: 0, g: 0, b: 0, a: 1}
    m_Border:
      m_Left: 0
      m_Right: 0
      m_Top: 0
      m_Bottom: 0
    m_Margin:
      m_Left: 0
      m_Right: 0
      m_Top: 0
      m_Bottom: 0
    m_Padding:
      m_Left: 0
      m_Right: 0
      m_Top: 0
      m_Bottom: 0
    m_Overflow:
      m_Left: 0
      m_Right: 0
      m_Top: 0
      m_Bottom: 0
    m_Font: {fileID: 12800000, guid: b87416a7a470bb9449615cbbae67a8a9, type: 3}
    m_FontSize: 12
    m_FontStyle: 0
    m_Alignment: 4
    m_WordWrap: 0
    m_RichText: 0
    m_TextClipping: 1
    m_ImagePosition: 0
    m_ContentOffset: {x: 0, y: 2}
    m_FixedWidth: 0
    m_FixedHeight: 0
    m_StretchWidth: 1
    m_StretchHeight: 0
  GUIStyleLabelChatMessage:
    m_Name: 
    m_Normal:
      m_Background: {fileID: 0}
      m_TextColor: {r: 1, g: 1, b: 1, a: 1}
    m_Hover:
      m_Background: {fileID: 0}
      m_TextColor: {r: 0, g: 0, b: 0, a: 1}
    m_Active:
      m_Background: {fileID: 0}
      m_TextColor: {r: 0, g: 0, b: 0, a: 1}
    m_Focused:
      m_Background: {fileID: 0}
      m_TextColor: {r: 0, g: 0, b: 0, a: 1}
    m_OnNormal:
      m_Background: {fileID: 0}
      m_TextColor: {r: 0, g: 0, b: 0, a: 1}
    m_OnHover:
      m_Background: {fileID: 0}
      m_TextColor: {r: 0, g: 0, b: 0, a: 1}
    m_OnActive:
      m_Background: {fileID: 0}
      m_TextColor: {r: 0, g: 0, b: 0, a: 1}
    m_OnFocused:
      m_Background: {fileID: 0}
      m_TextColor: {r: 0, g: 0, b: 0, a: 1}
    m_Border:
      m_Left: 0
      m_Right: 0
      m_Top: 0
      m_Bottom: 0
    m_Margin:
      m_Left: 0
      m_Right: 0
      m_Top: 0
      m_Bottom: 0
    m_Padding:
      m_Left: 0
      m_Right: 0
      m_Top: 0
      m_Bottom: 0
    m_Overflow:
      m_Left: 0
      m_Right: 0
      m_Top: 0
      m_Bottom: 0
    m_Font: {fileID: 12800000, guid: da6c791b523d35245b02d8647d69a23d, type: 3}
    m_FontSize: 14
    m_FontStyle: 1
    m_Alignment: 0
    m_WordWrap: 1
    m_RichText: 1
    m_TextClipping: 1
    m_ImagePosition: 0
    m_ContentOffset: {x: 0, y: 0}
    m_FixedWidth: 0
    m_FixedHeight: 0
    m_StretchWidth: 1
    m_StretchHeight: 0
  GUIStyleLabelCharacterSelected:
    m_Name: 
    m_Normal:
      m_Background: {fileID: 2800000, guid: ffb9f5a51d3b3ed43975680b11e58b6a, type: 3}
      m_TextColor: {r: 1, g: 1, b: 1, a: 1}
    m_Hover:
      m_Background: {fileID: 0}
      m_TextColor: {r: 0, g: 0, b: 0, a: 1}
    m_Active:
      m_Background: {fileID: 0}
      m_TextColor: {r: 0, g: 0, b: 0, a: 1}
    m_Focused:
      m_Background: {fileID: 0}
      m_TextColor: {r: 0, g: 0, b: 0, a: 1}
    m_OnNormal:
      m_Background: {fileID: 0}
      m_TextColor: {r: 0, g: 0, b: 0, a: 1}
    m_OnHover:
      m_Background: {fileID: 0}
      m_TextColor: {r: 0, g: 0, b: 0, a: 1}
    m_OnActive:
      m_Background: {fileID: 0}
      m_TextColor: {r: 0, g: 0, b: 0, a: 1}
    m_OnFocused:
      m_Background: {fileID: 0}
      m_TextColor: {r: 0, g: 0, b: 0, a: 1}
    m_Border:
      m_Left: 0
      m_Right: 0
      m_Top: 0
      m_Bottom: 0
    m_Margin:
      m_Left: 0
      m_Right: 0
      m_Top: 0
      m_Bottom: 0
    m_Padding:
      m_Left: 0
      m_Right: 0
      m_Top: 0
      m_Bottom: 0
    m_Overflow:
      m_Left: 0
      m_Right: 0
      m_Top: 0
      m_Bottom: 0
    m_Font: {fileID: 12800000, guid: b87416a7a470bb9449615cbbae67a8a9, type: 3}
    m_FontSize: 13
    m_FontStyle: 1
    m_Alignment: 3
    m_WordWrap: 0
    m_RichText: 1
    m_TextClipping: 0
    m_ImagePosition: 0
    m_ContentOffset: {x: 10, y: 0}
    m_FixedWidth: 0
    m_FixedHeight: 0
    m_StretchWidth: 1
    m_StretchHeight: 0
  GUIStyleLabelCenterTrajen:
    m_Name: 
    m_Normal:
      m_Background: {fileID: 0}
      m_TextColor: {r: 1, g: 1, b: .823529422, a: 1}
    m_Hover:
      m_Background: {fileID: 0}
      m_TextColor: {r: 0, g: 0, b: 0, a: 1}
    m_Active:
      m_Background: {fileID: 0}
      m_TextColor: {r: 0, g: 0, b: 0, a: 1}
    m_Focused:
      m_Background: {fileID: 0}
      m_TextColor: {r: 0, g: 0, b: 0, a: 1}
    m_OnNormal:
      m_Background: {fileID: 0}
      m_TextColor: {r: 0, g: 0, b: 0, a: 1}
    m_OnHover:
      m_Background: {fileID: 0}
      m_TextColor: {r: 0, g: 0, b: 0, a: 1}
    m_OnActive:
      m_Background: {fileID: 0}
      m_TextColor: {r: 0, g: 0, b: 0, a: 1}
    m_OnFocused:
      m_Background: {fileID: 0}
      m_TextColor: {r: 0, g: 0, b: 0, a: 1}
    m_Border:
      m_Left: 0
      m_Right: 0
      m_Top: 0
      m_Bottom: 0
    m_Margin:
      m_Left: 0
      m_Right: 0
      m_Top: 0
      m_Bottom: 0
    m_Padding:
      m_Left: 0
      m_Right: 0
      m_Top: 0
      m_Bottom: 0
    m_Overflow:
      m_Left: 0
      m_Right: 0
      m_Top: 0
      m_Bottom: 0
    m_Font: {fileID: 12800000, guid: af65ac08f3feb2e47b9c38fb223fc540, type: 3}
    m_FontSize: 20
    m_FontStyle: 1
    m_Alignment: 1
    m_WordWrap: 0
    m_RichText: 0
    m_TextClipping: 0
    m_ImagePosition: 0
    m_ContentOffset: {x: 0, y: 0}
    m_FixedWidth: 0
    m_FixedHeight: 0
    m_StretchWidth: 1
    m_StretchHeight: 0
  GUIStyleLabelNameplate:
    m_Name: 
    m_Normal:
      m_Background: {fileID: 0}
      m_TextColor: {r: 1, g: 1, b: 1, a: 1}
    m_Hover:
      m_Background: {fileID: 0}
      m_TextColor: {r: 0, g: 0, b: 0, a: 1}
    m_Active:
      m_Background: {fileID: 0}
      m_TextColor: {r: 0, g: 0, b: 0, a: 1}
    m_Focused:
      m_Background: {fileID: 0}
      m_TextColor: {r: 0, g: 0, b: 0, a: 1}
    m_OnNormal:
      m_Background: {fileID: 0}
      m_TextColor: {r: 0, g: 0, b: 0, a: 1}
    m_OnHover:
      m_Background: {fileID: 0}
      m_TextColor: {r: 0, g: 0, b: 0, a: 1}
    m_OnActive:
      m_Background: {fileID: 0}
      m_TextColor: {r: 0, g: 0, b: 0, a: 1}
    m_OnFocused:
      m_Background: {fileID: 0}
      m_TextColor: {r: 0, g: 0, b: 0, a: 1}
    m_Border:
      m_Left: 0
      m_Right: 0
      m_Top: 0
      m_Bottom: 0
    m_Margin:
      m_Left: 0
      m_Right: 0
      m_Top: 0
      m_Bottom: 0
    m_Padding:
      m_Left: 0
      m_Right: 0
      m_Top: 0
      m_Bottom: 0
    m_Overflow:
      m_Left: 0
      m_Right: 0
      m_Top: 0
      m_Bottom: 0
    m_Font: {fileID: 12800000, guid: b87416a7a470bb9449615cbbae67a8a9, type: 3}
    m_FontSize: 14
    m_FontStyle: 1
    m_Alignment: 1
    m_WordWrap: 0
    m_RichText: 0
    m_TextClipping: 0
    m_ImagePosition: 0
    m_ContentOffset: {x: 0, y: 0}
    m_FixedWidth: 0
    m_FixedHeight: 0
    m_StretchWidth: 1
    m_StretchHeight: 0
  GUIStyleLabelFocusName:
    m_Name: 
    m_Normal:
      m_Background: {fileID: 0}
      m_TextColor: {r: 1, g: 1, b: 1, a: 1}
    m_Hover:
      m_Background: {fileID: 0}
      m_TextColor: {r: 0, g: 0, b: 0, a: 1}
    m_Active:
      m_Background: {fileID: 0}
      m_TextColor: {r: 0, g: 0, b: 0, a: 1}
    m_Focused:
      m_Background: {fileID: 0}
      m_TextColor: {r: 0, g: 0, b: 0, a: 1}
    m_OnNormal:
      m_Background: {fileID: 0}
      m_TextColor: {r: 0, g: 0, b: 0, a: 1}
    m_OnHover:
      m_Background: {fileID: 0}
      m_TextColor: {r: 0, g: 0, b: 0, a: 1}
    m_OnActive:
      m_Background: {fileID: 0}
      m_TextColor: {r: 0, g: 0, b: 0, a: 1}
    m_OnFocused:
      m_Background: {fileID: 0}
      m_TextColor: {r: 0, g: 0, b: 0, a: 1}
    m_Border:
      m_Left: 0
      m_Right: 0
      m_Top: 0
      m_Bottom: 0
    m_Margin:
      m_Left: 0
      m_Right: 0
      m_Top: 0
      m_Bottom: 0
    m_Padding:
      m_Left: 0
      m_Right: 0
      m_Top: 0
      m_Bottom: 0
    m_Overflow:
      m_Left: 0
      m_Right: 0
      m_Top: 0
      m_Bottom: 0
    m_Font: {fileID: 12800000, guid: af65ac08f3feb2e47b9c38fb223fc540, type: 3}
    m_FontSize: 11
    m_FontStyle: 1
    m_Alignment: 4
    m_WordWrap: 0
    m_RichText: 0
    m_TextClipping: 0
    m_ImagePosition: 0
    m_ContentOffset: {x: 0, y: 0}
    m_FixedWidth: 0
    m_FixedHeight: 0
    m_StretchWidth: 1
    m_StretchHeight: 0
  GUIStyleLabelGroupMemberName:
    m_Name: 
    m_Normal:
      m_Background: {fileID: 0}
      m_TextColor: {r: 1, g: 1, b: 1, a: 1}
    m_Hover:
      m_Background: {fileID: 0}
      m_TextColor: {r: 0, g: 0, b: 0, a: 1}
    m_Active:
      m_Background: {fileID: 0}
      m_TextColor: {r: 0, g: 0, b: 0, a: 1}
    m_Focused:
      m_Background: {fileID: 0}
      m_TextColor: {r: 0, g: 0, b: 0, a: 1}
    m_OnNormal:
      m_Background: {fileID: 0}
      m_TextColor: {r: 0, g: 0, b: 0, a: 1}
    m_OnHover:
      m_Background: {fileID: 0}
      m_TextColor: {r: 0, g: 0, b: 0, a: 1}
    m_OnActive:
      m_Background: {fileID: 0}
      m_TextColor: {r: 0, g: 0, b: 0, a: 1}
    m_OnFocused:
      m_Background: {fileID: 0}
      m_TextColor: {r: 0, g: 0, b: 0, a: 1}
    m_Border:
      m_Left: 0
      m_Right: 0
      m_Top: 0
      m_Bottom: 0
    m_Margin:
      m_Left: 0
      m_Right: 0
      m_Top: 0
      m_Bottom: 0
    m_Padding:
      m_Left: 0
      m_Right: 0
      m_Top: 0
      m_Bottom: 0
    m_Overflow:
      m_Left: 0
      m_Right: 0
      m_Top: 0
      m_Bottom: 0
    m_Font: {fileID: 12800000, guid: af65ac08f3feb2e47b9c38fb223fc540, type: 3}
    m_FontSize: 11
    m_FontStyle: 1
    m_Alignment: 0
    m_WordWrap: 0
    m_RichText: 1
    m_TextClipping: 0
    m_ImagePosition: 0
    m_ContentOffset: {x: 0, y: 0}
    m_FixedWidth: 0
    m_FixedHeight: 0
    m_StretchWidth: 1
    m_StretchHeight: 0
  GUIStyleLabelInventoryLeft:
    m_Name: 
    m_Normal:
      m_Background: {fileID: 0}
      m_TextColor: {r: 1, g: .835654557, b: 0, a: 1}
    m_Hover:
      m_Background: {fileID: 0}
      m_TextColor: {r: 0, g: 0, b: 0, a: 1}
    m_Active:
      m_Background: {fileID: 0}
      m_TextColor: {r: 0, g: 0, b: 0, a: 1}
    m_Focused:
      m_Background: {fileID: 0}
      m_TextColor: {r: 0, g: 0, b: 0, a: 1}
    m_OnNormal:
      m_Background: {fileID: 0}
      m_TextColor: {r: 0, g: 0, b: 0, a: 1}
    m_OnHover:
      m_Background: {fileID: 0}
      m_TextColor: {r: 0, g: 0, b: 0, a: 1}
    m_OnActive:
      m_Background: {fileID: 0}
      m_TextColor: {r: 0, g: 0, b: 0, a: 1}
    m_OnFocused:
      m_Background: {fileID: 0}
      m_TextColor: {r: 0, g: 0, b: 0, a: 1}
    m_Border:
      m_Left: 0
      m_Right: 0
      m_Top: 0
      m_Bottom: 0
    m_Margin:
      m_Left: 0
      m_Right: 0
      m_Top: 0
      m_Bottom: 0
    m_Padding:
      m_Left: 0
      m_Right: 0
      m_Top: 0
      m_Bottom: 0
    m_Overflow:
      m_Left: 0
      m_Right: 0
      m_Top: 0
      m_Bottom: 0
    m_Font: {fileID: 12800000, guid: 68eebf2e27c140042babdd45bcef8154, type: 3}
    m_FontSize: 12
    m_FontStyle: 1
    m_Alignment: 3
    m_WordWrap: 0
    m_RichText: 0
    m_TextClipping: 1
    m_ImagePosition: 0
    m_ContentOffset: {x: 0, y: 0}
    m_FixedWidth: 0
    m_FixedHeight: 0
    m_StretchWidth: 1
    m_StretchHeight: 0
  GUIStyleLabelInventoryRight:
    m_Name: 
    m_Normal:
      m_Background: {fileID: 0}
      m_TextColor: {r: 1, g: .835654557, b: 0, a: 1}
    m_Hover:
      m_Background: {fileID: 0}
      m_TextColor: {r: 0, g: 0, b: 0, a: 1}
    m_Active:
      m_Background: {fileID: 0}
      m_TextColor: {r: 0, g: 0, b: 0, a: 1}
    m_Focused:
      m_Background: {fileID: 0}
      m_TextColor: {r: 0, g: 0, b: 0, a: 1}
    m_OnNormal:
      m_Background: {fileID: 0}
      m_TextColor: {r: 0, g: 0, b: 0, a: 1}
    m_OnHover:
      m_Background: {fileID: 0}
      m_TextColor: {r: 0, g: 0, b: 0, a: 1}
    m_OnActive:
      m_Background: {fileID: 0}
      m_TextColor: {r: 0, g: 0, b: 0, a: 1}
    m_OnFocused:
      m_Background: {fileID: 0}
      m_TextColor: {r: 0, g: 0, b: 0, a: 1}
    m_Border:
      m_Left: 0
      m_Right: 0
      m_Top: 0
      m_Bottom: 0
    m_Margin:
      m_Left: 0
      m_Right: 0
      m_Top: 0
      m_Bottom: 0
    m_Padding:
      m_Left: 0
      m_Right: 0
      m_Top: 0
      m_Bottom: 0
    m_Overflow:
      m_Left: 0
      m_Right: 0
      m_Top: 0
      m_Bottom: 0
    m_Font: {fileID: 12800000, guid: 68eebf2e27c140042babdd45bcef8154, type: 3}
    m_FontSize: 12
    m_FontStyle: 1
    m_Alignment: 5
    m_WordWrap: 0
    m_RichText: 0
    m_TextClipping: 1
    m_ImagePosition: 0
    m_ContentOffset: {x: 0, y: 0}
    m_FixedWidth: 0
    m_FixedHeight: 0
    m_StretchWidth: 1
    m_StretchHeight: 0
  GUIStyleLabelQuestSubTitle:
    m_Name: 
    m_Normal:
      m_Background: {fileID: 0}
      m_TextColor: {r: 1, g: .835654557, b: 0, a: 1}
    m_Hover:
      m_Background: {fileID: 0}
      m_TextColor: {r: 0, g: 0, b: 0, a: 1}
    m_Active:
      m_Background: {fileID: 0}
      m_TextColor: {r: 0, g: 0, b: 0, a: 1}
    m_Focused:
      m_Background: {fileID: 0}
      m_TextColor: {r: 0, g: 0, b: 0, a: 1}
    m_OnNormal:
      m_Background: {fileID: 0}
      m_TextColor: {r: 0, g: 0, b: 0, a: 1}
    m_OnHover:
      m_Background: {fileID: 0}
      m_TextColor: {r: 0, g: 0, b: 0, a: 1}
    m_OnActive:
      m_Background: {fileID: 0}
      m_TextColor: {r: 0, g: 0, b: 0, a: 1}
    m_OnFocused:
      m_Background: {fileID: 0}
      m_TextColor: {r: 0, g: 0, b: 0, a: 1}
    m_Border:
      m_Left: 0
      m_Right: 0
      m_Top: 0
      m_Bottom: 0
    m_Margin:
      m_Left: 0
      m_Right: 0
      m_Top: 0
      m_Bottom: 0
    m_Padding:
      m_Left: 0
      m_Right: 0
      m_Top: 0
      m_Bottom: 0
    m_Overflow:
      m_Left: 0
      m_Right: 0
      m_Top: 0
      m_Bottom: 0
    m_Font: {fileID: 12800000, guid: 7abc363829e9ba3489f2334ce11a54d4, type: 3}
    m_FontSize: 24
    m_FontStyle: 0
    m_Alignment: 0
    m_WordWrap: 0
    m_RichText: 1
    m_TextClipping: 1
    m_ImagePosition: 3
    m_ContentOffset: {x: 0, y: 0}
    m_FixedWidth: 0
    m_FixedHeight: 0
    m_StretchWidth: 1
    m_StretchHeight: 0
  GUIStyleLabelTrackerQuestName:
    m_Name: 
    m_Normal:
      m_Background: {fileID: 0}
      m_TextColor: {r: 1, g: .91922003, b: 0, a: 1}
    m_Hover:
      m_Background: {fileID: 0}
      m_TextColor: {r: 0, g: 0, b: 0, a: 1}
    m_Active:
      m_Background: {fileID: 0}
      m_TextColor: {r: 0, g: 0, b: 0, a: 1}
    m_Focused:
      m_Background: {fileID: 0}
      m_TextColor: {r: 0, g: 0, b: 0, a: 1}
    m_OnNormal:
      m_Background: {fileID: 0}
      m_TextColor: {r: 0, g: 0, b: 0, a: 1}
    m_OnHover:
      m_Background: {fileID: 0}
      m_TextColor: {r: 0, g: 0, b: 0, a: 1}
    m_OnActive:
      m_Background: {fileID: 0}
      m_TextColor: {r: 0, g: 0, b: 0, a: 1}
    m_OnFocused:
      m_Background: {fileID: 0}
      m_TextColor: {r: 0, g: 0, b: 0, a: 1}
    m_Border:
      m_Left: 0
      m_Right: 0
      m_Top: 0
      m_Bottom: 0
    m_Margin:
      m_Left: 0
      m_Right: 0
      m_Top: 0
      m_Bottom: 0
    m_Padding:
      m_Left: 0
      m_Right: 0
      m_Top: 0
      m_Bottom: 0
    m_Overflow:
      m_Left: 0
      m_Right: 0
      m_Top: 0
      m_Bottom: 0
    m_Font: {fileID: 12800000, guid: 3028b76e8844d7247b46cf1bf0cfeffb, type: 3}
    m_FontSize: 16
    m_FontStyle: 0
    m_Alignment: 5
    m_WordWrap: 0
    m_RichText: 1
    m_TextClipping: 1
    m_ImagePosition: 0
    m_ContentOffset: {x: 0, y: 0}
    m_FixedWidth: 0
    m_FixedHeight: 0
    m_StretchWidth: 1
    m_StretchHeight: 0
  GUIStyleLabelTrackerObjective:
    m_Name: 
    m_Normal:
      m_Background: {fileID: 0}
      m_TextColor: {r: .682352901, g: .970801175, b: 1, a: 1}
    m_Hover:
      m_Background: {fileID: 0}
      m_TextColor: {r: 0, g: 0, b: 0, a: 1}
    m_Active:
      m_Background: {fileID: 0}
      m_TextColor: {r: 0, g: 0, b: 0, a: 1}
    m_Focused:
      m_Background: {fileID: 0}
      m_TextColor: {r: 0, g: 0, b: 0, a: 1}
    m_OnNormal:
      m_Background: {fileID: 0}
      m_TextColor: {r: 0, g: 0, b: 0, a: 1}
    m_OnHover:
      m_Background: {fileID: 0}
      m_TextColor: {r: 0, g: 0, b: 0, a: 1}
    m_OnActive:
      m_Background: {fileID: 0}
      m_TextColor: {r: 0, g: 0, b: 0, a: 1}
    m_OnFocused:
      m_Background: {fileID: 0}
      m_TextColor: {r: 0, g: 0, b: 0, a: 1}
    m_Border:
      m_Left: 0
      m_Right: 0
      m_Top: 0
      m_Bottom: 0
    m_Margin:
      m_Left: 0
      m_Right: 0
      m_Top: 0
      m_Bottom: 0
    m_Padding:
      m_Left: 0
      m_Right: 0
      m_Top: 0
      m_Bottom: 0
    m_Overflow:
      m_Left: 0
      m_Right: 0
      m_Top: 0
      m_Bottom: 0
    m_Font: {fileID: 12800000, guid: 3028b76e8844d7247b46cf1bf0cfeffb, type: 3}
    m_FontSize: 13
    m_FontStyle: 1
    m_Alignment: 5
    m_WordWrap: 0
    m_RichText: 1
    m_TextClipping: 1
    m_ImagePosition: 0
    m_ContentOffset: {x: 0, y: 0}
    m_FixedWidth: 0
    m_FixedHeight: 0
    m_StretchWidth: 1
    m_StretchHeight: 0
  GUIStyleLabelHover:
    m_Name: 
    m_Normal:
      m_Background: {fileID: 0}
      m_TextColor: {r: 1, g: 1, b: 1, a: 1}
    m_Hover:
      m_Background: {fileID: 0}
      m_TextColor: {r: 0, g: 0, b: 0, a: 1}
    m_Active:
      m_Background: {fileID: 0}
      m_TextColor: {r: 0, g: 0, b: 0, a: 1}
    m_Focused:
      m_Background: {fileID: 0}
      m_TextColor: {r: 0, g: 0, b: 0, a: 1}
    m_OnNormal:
      m_Background: {fileID: 0}
      m_TextColor: {r: 0, g: 0, b: 0, a: 1}
    m_OnHover:
      m_Background: {fileID: 0}
      m_TextColor: {r: 0, g: 0, b: 0, a: 1}
    m_OnActive:
      m_Background: {fileID: 0}
      m_TextColor: {r: 0, g: 0, b: 0, a: 1}
    m_OnFocused:
      m_Background: {fileID: 0}
      m_TextColor: {r: 0, g: 0, b: 0, a: 1}
    m_Border:
      m_Left: 0
      m_Right: 0
      m_Top: 0
      m_Bottom: 0
    m_Margin:
      m_Left: 0
      m_Right: 0
      m_Top: 0
      m_Bottom: 0
    m_Padding:
      m_Left: 8
      m_Right: 0
      m_Top: 2
      m_Bottom: 0
    m_Overflow:
      m_Left: 0
      m_Right: 0
      m_Top: 0
      m_Bottom: 0
    m_Font: {fileID: 12800000, guid: b87416a7a470bb9449615cbbae67a8a9, type: 3}
    m_FontSize: 12
    m_FontStyle: 1
    m_Alignment: 4
    m_WordWrap: 0
    m_RichText: 0
    m_TextClipping: 1
    m_ImagePosition: 0
    m_ContentOffset: {x: 0, y: 0}
    m_FixedWidth: 0
    m_FixedHeight: 0
    m_StretchWidth: 0
    m_StretchHeight: 0
  GUIStyleLabelStackCount:
    m_Name: 
    m_Normal:
      m_Background: {fileID: 0}
      m_TextColor: {r: 1, g: 1, b: 1, a: 1}
    m_Hover:
      m_Background: {fileID: 0}
      m_TextColor: {r: 0, g: 0, b: 0, a: 1}
    m_Active:
      m_Background: {fileID: 0}
      m_TextColor: {r: 0, g: 0, b: 0, a: 1}
    m_Focused:
      m_Background: {fileID: 0}
      m_TextColor: {r: 0, g: 0, b: 0, a: 1}
    m_OnNormal:
      m_Background: {fileID: 0}
      m_TextColor: {r: 0, g: 0, b: 0, a: 1}
    m_OnHover:
      m_Background: {fileID: 0}
      m_TextColor: {r: 0, g: 0, b: 0, a: 1}
    m_OnActive:
      m_Background: {fileID: 0}
      m_TextColor: {r: 0, g: 0, b: 0, a: 1}
    m_OnFocused:
      m_Background: {fileID: 0}
      m_TextColor: {r: 0, g: 0, b: 0, a: 1}
    m_Border:
      m_Left: 0
      m_Right: 0
      m_Top: 0
      m_Bottom: 0
    m_Margin:
      m_Left: 0
      m_Right: 0
      m_Top: 0
      m_Bottom: 0
    m_Padding:
      m_Left: 0
      m_Right: 0
      m_Top: 0
      m_Bottom: 0
    m_Overflow:
      m_Left: 0
      m_Right: 0
      m_Top: 0
      m_Bottom: 0
    m_Font: {fileID: 12800000, guid: 68eebf2e27c140042babdd45bcef8154, type: 3}
    m_FontSize: 12
    m_FontStyle: 1
    m_Alignment: 8
    m_WordWrap: 0
    m_RichText: 0
    m_TextClipping: 0
    m_ImagePosition: 3
    m_ContentOffset: {x: -2, y: 0}
    m_FixedWidth: 0
    m_FixedHeight: 0
    m_StretchWidth: 0
    m_StretchHeight: 0
  GUIStyleLabelPlayerName:
    m_Name: 
    m_Normal:
      m_Background: {fileID: 0}
      m_TextColor: {r: 1, g: 1, b: 1, a: 1}
    m_Hover:
      m_Background: {fileID: 0}
      m_TextColor: {r: 0, g: 0, b: 0, a: 1}
    m_Active:
      m_Background: {fileID: 0}
      m_TextColor: {r: 0, g: 0, b: 0, a: 1}
    m_Focused:
      m_Background: {fileID: 0}
      m_TextColor: {r: 0, g: 0, b: 0, a: 1}
    m_OnNormal:
      m_Background: {fileID: 0}
      m_TextColor: {r: 0, g: 0, b: 0, a: 1}
    m_OnHover:
      m_Background: {fileID: 0}
      m_TextColor: {r: 0, g: 0, b: 0, a: 1}
    m_OnActive:
      m_Background: {fileID: 0}
      m_TextColor: {r: 0, g: 0, b: 0, a: 1}
    m_OnFocused:
      m_Background: {fileID: 0}
      m_TextColor: {r: 0, g: 0, b: 0, a: 1}
    m_Border:
      m_Left: 0
      m_Right: 0
      m_Top: 0
      m_Bottom: 0
    m_Margin:
      m_Left: 0
      m_Right: 0
      m_Top: 0
      m_Bottom: 0
    m_Padding:
      m_Left: 0
      m_Right: 0
      m_Top: 0
      m_Bottom: 0
    m_Overflow:
      m_Left: 0
      m_Right: 0
      m_Top: 0
      m_Bottom: 0
    m_Font: {fileID: 12800000, guid: af65ac08f3feb2e47b9c38fb223fc540, type: 3}
    m_FontSize: 11
    m_FontStyle: 1
    m_Alignment: 0
    m_WordWrap: 0
    m_RichText: 0
    m_TextClipping: 0
    m_ImagePosition: 0
    m_ContentOffset: {x: 0, y: 0}
    m_FixedWidth: 0
    m_FixedHeight: 0
    m_StretchWidth: 1
    m_StretchHeight: 0
  GUIStyleLabelDescription:
    m_Name: 
    m_Normal:
      m_Background: {fileID: 0}
      m_TextColor: {r: 1, g: 1, b: 1, a: 1}
    m_Hover:
      m_Background: {fileID: 0}
      m_TextColor: {r: 0, g: 0, b: 0, a: 1}
    m_Active:
      m_Background: {fileID: 0}
      m_TextColor: {r: 0, g: 0, b: 0, a: 1}
    m_Focused:
      m_Background: {fileID: 0}
      m_TextColor: {r: 0, g: 0, b: 0, a: 1}
    m_OnNormal:
      m_Background: {fileID: 0}
      m_TextColor: {r: 0, g: 0, b: 0, a: 1}
    m_OnHover:
      m_Background: {fileID: 0}
      m_TextColor: {r: 0, g: 0, b: 0, a: 1}
    m_OnActive:
      m_Background: {fileID: 0}
      m_TextColor: {r: 0, g: 0, b: 0, a: 1}
    m_OnFocused:
      m_Background: {fileID: 0}
      m_TextColor: {r: 0, g: 0, b: 0, a: 1}
    m_Border:
      m_Left: 0
      m_Right: 0
      m_Top: 0
      m_Bottom: 0
    m_Margin:
      m_Left: 0
      m_Right: 0
      m_Top: 0
      m_Bottom: 0
    m_Padding:
      m_Left: 0
      m_Right: 0
      m_Top: 0
      m_Bottom: 0
    m_Overflow:
      m_Left: 0
      m_Right: 0
      m_Top: 0
      m_Bottom: 0
    m_Font: {fileID: 12800000, guid: b87416a7a470bb9449615cbbae67a8a9, type: 3}
    m_FontSize: 12
    m_FontStyle: 1
    m_Alignment: 0
    m_WordWrap: 1
    m_RichText: 1
    m_TextClipping: 1
    m_ImagePosition: 0
    m_ContentOffset: {x: 0, y: 0}
    m_FixedWidth: 0
    m_FixedHeight: 0
    m_StretchWidth: 1
    m_StretchHeight: 0
  GUIStyleLabelNumericNotification:
    m_Name: 
    m_Normal:
      m_Background: {fileID: 2800000, guid: 7a652e69a0409eb4a90179b922089fba, type: 3}
      m_TextColor: {r: 1, g: 1, b: 1, a: 1}
    m_Hover:
      m_Background: {fileID: 0}
      m_TextColor: {r: 0, g: 0, b: 0, a: 1}
    m_Active:
      m_Background: {fileID: 0}
      m_TextColor: {r: 0, g: 0, b: 0, a: 1}
    m_Focused:
      m_Background: {fileID: 0}
      m_TextColor: {r: 0, g: 0, b: 0, a: 1}
    m_OnNormal:
      m_Background: {fileID: 0}
      m_TextColor: {r: 0, g: 0, b: 0, a: 1}
    m_OnHover:
      m_Background: {fileID: 0}
      m_TextColor: {r: 0, g: 0, b: 0, a: 1}
    m_OnActive:
      m_Background: {fileID: 0}
      m_TextColor: {r: 0, g: 0, b: 0, a: 1}
    m_OnFocused:
      m_Background: {fileID: 0}
      m_TextColor: {r: 0, g: 0, b: 0, a: 1}
    m_Border:
      m_Left: 0
      m_Right: 0
      m_Top: 0
      m_Bottom: 0
    m_Margin:
      m_Left: 0
      m_Right: 0
      m_Top: 0
      m_Bottom: 0
    m_Padding:
      m_Left: 0
      m_Right: 0
      m_Top: 0
      m_Bottom: 0
    m_Overflow:
      m_Left: 0
      m_Right: 0
      m_Top: 0
      m_Bottom: 0
    m_Font: {fileID: 12800000, guid: b87416a7a470bb9449615cbbae67a8a9, type: 3}
    m_FontSize: 10
    m_FontStyle: 1
    m_Alignment: 4
    m_WordWrap: 0
    m_RichText: 0
    m_TextClipping: 0
    m_ImagePosition: 0
    m_ContentOffset: {x: -2, y: 1}
    m_FixedWidth: 0
    m_FixedHeight: 0
    m_StretchWidth: 0
    m_StretchHeight: 0
  GUIStyleLabelFriendRequest:
    m_Name: 
    m_Normal:
      m_Background: {fileID: 2800000, guid: a1d1cd73bd3b4ed468f2534d45de9771, type: 3}
      m_TextColor: {r: 0, g: 1, b: 0, a: 1}
    m_Hover:
      m_Background: {fileID: 0}
      m_TextColor: {r: 0, g: 0, b: 0, a: 1}
    m_Active:
      m_Background: {fileID: 0}
      m_TextColor: {r: 0, g: 0, b: 0, a: 1}
    m_Focused:
      m_Background: {fileID: 0}
      m_TextColor: {r: 0, g: 0, b: 0, a: 1}
    m_OnNormal:
      m_Background: {fileID: 0}
      m_TextColor: {r: 0, g: 0, b: 0, a: 1}
    m_OnHover:
      m_Background: {fileID: 0}
      m_TextColor: {r: 0, g: 0, b: 0, a: 1}
    m_OnActive:
      m_Background: {fileID: 0}
      m_TextColor: {r: 0, g: 0, b: 0, a: 1}
    m_OnFocused:
      m_Background: {fileID: 0}
      m_TextColor: {r: 0, g: 0, b: 0, a: 1}
    m_Border:
      m_Left: 0
      m_Right: 0
      m_Top: 0
      m_Bottom: 0
    m_Margin:
      m_Left: 0
      m_Right: 0
      m_Top: 0
      m_Bottom: 0
    m_Padding:
      m_Left: 0
      m_Right: 0
      m_Top: 0
      m_Bottom: 0
    m_Overflow:
      m_Left: 0
      m_Right: 0
      m_Top: 0
      m_Bottom: 0
    m_Font: {fileID: 12800000, guid: b87416a7a470bb9449615cbbae67a8a9, type: 3}
    m_FontSize: 14
    m_FontStyle: 1
    m_Alignment: 3
    m_WordWrap: 0
    m_RichText: 0
    m_TextClipping: 0
    m_ImagePosition: 0
    m_ContentOffset: {x: 16, y: 2}
    m_FixedWidth: 0
    m_FixedHeight: 0
    m_StretchWidth: 1
    m_StretchHeight: 0
  GUIStyleOptionCreation:
    m_Name: 
    m_Normal:
      m_Background: {fileID: 2800000, guid: ae3e8763cc0f4c74582f3121f9259996, type: 3}
      m_TextColor: {r: 1, g: 1, b: .823529422, a: 1}
    m_Hover:
      m_Background: {fileID: 2800000, guid: da8a0b0f84ced734abea49914013447c, type: 3}
      m_TextColor: {r: .996078432, g: .996078432, b: .819607854, a: 1}
    m_Active:
      m_Background: {fileID: 2800000, guid: 51df01578892ad244a217bc268e396d5, type: 3}
      m_TextColor: {r: .992156863, g: .992156863, b: .815686285, a: 1}
    m_Focused:
      m_Background: {fileID: 0}
      m_TextColor: {r: 0, g: 0, b: 0, a: 1}
    m_OnNormal:
      m_Background: {fileID: 2800000, guid: 6dabb891865be1f46928dcb8c779e572, type: 3}
      m_TextColor: {r: .996078432, g: .996078432, b: .819607854, a: 1}
    m_OnHover:
      m_Background: {fileID: 2800000, guid: 87358d61a797c6d4c8a7f664c6a10af0, type: 3}
      m_TextColor: {r: .992156863, g: .992156863, b: .815686285, a: 1}
    m_OnActive:
      m_Background: {fileID: 2800000, guid: 07ae6074c0152d849b256db7e86b7a57, type: 3}
      m_TextColor: {r: .988235295, g: .988235295, b: .811764717, a: 1}
    m_OnFocused:
      m_Background: {fileID: 0}
      m_TextColor: {r: 0, g: 0, b: 0, a: 1}
    m_Border:
      m_Left: 0
      m_Right: 0
      m_Top: 0
      m_Bottom: 0
    m_Margin:
      m_Left: 0
      m_Right: 0
      m_Top: 0
      m_Bottom: 0
    m_Padding:
      m_Left: 30
      m_Right: 0
      m_Top: 10
      m_Bottom: 0
    m_Overflow:
      m_Left: 0
      m_Right: 0
      m_Top: 0
      m_Bottom: 0
    m_Font: {fileID: 12800000, guid: ed00c312f5112f94a9f173af44d8ccf1, type: 3}
    m_FontSize: 20
    m_FontStyle: 0
    m_Alignment: 3
    m_WordWrap: 0
    m_RichText: 0
    m_TextClipping: 0
    m_ImagePosition: 0
    m_ContentOffset: {x: 0, y: 0}
    m_FixedWidth: 26
    m_FixedHeight: 26
    m_StretchWidth: 1
    m_StretchHeight: 0
  GUIStyleTextFieldChat:
    m_Name: 
    m_Normal:
      m_Background: {fileID: 0}
      m_TextColor: {r: 1, g: 1, b: 1, a: 1}
    m_Hover:
      m_Background: {fileID: 0}
      m_TextColor: {r: 0, g: 0, b: 0, a: 1}
    m_Active:
      m_Background: {fileID: 0}
      m_TextColor: {r: 0, g: 0, b: 0, a: 1}
    m_Focused:
      m_Background: {fileID: 0}
      m_TextColor: {r: 0, g: 0, b: 0, a: 1}
    m_OnNormal:
      m_Background: {fileID: 0}
      m_TextColor: {r: 0, g: 0, b: 0, a: 1}
    m_OnHover:
      m_Background: {fileID: 0}
      m_TextColor: {r: 0, g: 0, b: 0, a: 1}
    m_OnActive:
      m_Background: {fileID: 0}
      m_TextColor: {r: 0, g: 0, b: 0, a: 1}
    m_OnFocused:
      m_Background: {fileID: 0}
      m_TextColor: {r: 0, g: 0, b: 0, a: 1}
    m_Border:
      m_Left: 0
      m_Right: 0
      m_Top: 0
      m_Bottom: 0
    m_Margin:
      m_Left: 4
      m_Right: 4
      m_Top: 4
      m_Bottom: 4
    m_Padding:
      m_Left: 6
      m_Right: 6
      m_Top: 6
      m_Bottom: 6
    m_Overflow:
      m_Left: 0
      m_Right: 0
      m_Top: 0
      m_Bottom: 0
    m_Font: {fileID: 12800000, guid: b87416a7a470bb9449615cbbae67a8a9, type: 3}
    m_FontSize: 12
    m_FontStyle: 0
    m_Alignment: 0
    m_WordWrap: 0
    m_RichText: 0
    m_TextClipping: 1
    m_ImagePosition: 3
    m_ContentOffset: {x: 0, y: 0}
    m_FixedWidth: 0
    m_FixedHeight: 0
    m_StretchWidth: 0
    m_StretchHeight: 0
  GUIStyleMerchantItemName:
    m_Name: 
    m_Normal:
      m_Background: {fileID: 0}
      m_TextColor: {r: 1, g: .823529422, b: 0, a: 1}
    m_Hover:
      m_Background: {fileID: 0}
      m_TextColor: {r: 0, g: 0, b: 0, a: 1}
    m_Active:
      m_Background: {fileID: 0}
      m_TextColor: {r: 0, g: 0, b: 0, a: 1}
    m_Focused:
      m_Background: {fileID: 0}
      m_TextColor: {r: 0, g: 0, b: 0, a: 1}
    m_OnNormal:
      m_Background: {fileID: 0}
      m_TextColor: {r: 0, g: 0, b: 0, a: 1}
    m_OnHover:
      m_Background: {fileID: 0}
      m_TextColor: {r: 0, g: 0, b: 0, a: 1}
    m_OnActive:
      m_Background: {fileID: 0}
      m_TextColor: {r: 0, g: 0, b: 0, a: 1}
    m_OnFocused:
      m_Background: {fileID: 0}
      m_TextColor: {r: 0, g: 0, b: 0, a: 1}
    m_Border:
      m_Left: 0
      m_Right: 0
      m_Top: 0
      m_Bottom: 0
    m_Margin:
      m_Left: 0
      m_Right: 0
      m_Top: 0
      m_Bottom: 0
    m_Padding:
      m_Left: 0
      m_Right: 0
      m_Top: 0
      m_Bottom: 0
    m_Overflow:
      m_Left: 0
      m_Right: 0
      m_Top: 0
      m_Bottom: 0
    m_Font: {fileID: 12800000, guid: b87416a7a470bb9449615cbbae67a8a9, type: 3}
    m_FontSize: 12
    m_FontStyle: 1
    m_Alignment: 0
    m_WordWrap: 1
    m_RichText: 1
    m_TextClipping: 1
    m_ImagePosition: 0
    m_ContentOffset: {x: 0, y: 0}
    m_FixedWidth: 0
    m_FixedHeight: 0
    m_StretchWidth: 0
    m_StretchHeight: 0
  GUIStyleMerchantItemPrice:
    m_Name: 
    m_Normal:
      m_Background: {fileID: 0}
      m_TextColor: {r: 1, g: 1, b: 1, a: 1}
    m_Hover:
      m_Background: {fileID: 0}
      m_TextColor: {r: 0, g: 0, b: 0, a: 1}
    m_Active:
      m_Background: {fileID: 0}
      m_TextColor: {r: 0, g: 0, b: 0, a: 1}
    m_Focused:
      m_Background: {fileID: 0}
      m_TextColor: {r: 0, g: 0, b: 0, a: 1}
    m_OnNormal:
      m_Background: {fileID: 0}
      m_TextColor: {r: 0, g: 0, b: 0, a: 1}
    m_OnHover:
      m_Background: {fileID: 0}
      m_TextColor: {r: 0, g: 0, b: 0, a: 1}
    m_OnActive:
      m_Background: {fileID: 0}
      m_TextColor: {r: 0, g: 0, b: 0, a: 1}
    m_OnFocused:
      m_Background: {fileID: 0}
      m_TextColor: {r: 0, g: 0, b: 0, a: 1}
    m_Border:
      m_Left: 0
      m_Right: 0
      m_Top: 0
      m_Bottom: 0
    m_Margin:
      m_Left: 0
      m_Right: 0
      m_Top: 0
      m_Bottom: 0
    m_Padding:
      m_Left: 0
      m_Right: 0
      m_Top: 0
      m_Bottom: 0
    m_Overflow:
      m_Left: 0
      m_Right: 0
      m_Top: 0
      m_Bottom: 0
    m_Font: {fileID: 12800000, guid: 58f7358b75b76624abc47b342ce8e5e8, type: 3}
    m_FontSize: 11
    m_FontStyle: 1
    m_Alignment: 2
    m_WordWrap: 0
    m_RichText: 0
    m_TextClipping: 1
    m_ImagePosition: 0
    m_ContentOffset: {x: 0, y: 0}
    m_FixedWidth: 0
    m_FixedHeight: 0
    m_StretchWidth: 1
    m_StretchHeight: 0
  GUIStyleMessageBoxContent:
    m_Name: 
    m_Normal:
      m_Background: {fileID: 0}
      m_TextColor: {r: .992156863, g: .984313726, b: .862745106, a: 1}
    m_Hover:
      m_Background: {fileID: 0}
      m_TextColor: {r: 0, g: 0, b: 0, a: 1}
    m_Active:
      m_Background: {fileID: 0}
      m_TextColor: {r: 0, g: 0, b: 0, a: 1}
    m_Focused:
      m_Background: {fileID: 0}
      m_TextColor: {r: 0, g: 0, b: 0, a: 1}
    m_OnNormal:
      m_Background: {fileID: 0}
      m_TextColor: {r: 0, g: 0, b: 0, a: 1}
    m_OnHover:
      m_Background: {fileID: 0}
      m_TextColor: {r: 0, g: 0, b: 0, a: 1}
    m_OnActive:
      m_Background: {fileID: 0}
      m_TextColor: {r: 0, g: 0, b: 0, a: 1}
    m_OnFocused:
      m_Background: {fileID: 0}
      m_TextColor: {r: 0, g: 0, b: 0, a: 1}
    m_Border:
      m_Left: 0
      m_Right: 0
      m_Top: 0
      m_Bottom: 0
    m_Margin:
      m_Left: 0
      m_Right: 0
      m_Top: 0
      m_Bottom: 0
    m_Padding:
      m_Left: 0
      m_Right: 0
      m_Top: 0
      m_Bottom: 0
    m_Overflow:
      m_Left: 0
      m_Right: 0
      m_Top: 0
      m_Bottom: 0
    m_Font: {fileID: 12800000, guid: b87416a7a470bb9449615cbbae67a8a9, type: 3}
    m_FontSize: 12
    m_FontStyle: 0
    m_Alignment: 0
    m_WordWrap: 1
    m_RichText: 1
    m_TextClipping: 0
    m_ImagePosition: 0
    m_ContentOffset: {x: 0, y: 0}
    m_FixedWidth: 0
    m_FixedHeight: 0
    m_StretchWidth: 1
    m_StretchHeight: 0
  GUIStyleScreenMessageTitle:
    m_Name: 
    m_Normal:
      m_Background: {fileID: 0}
      m_TextColor: {r: 1, g: 1, b: 1, a: 1}
    m_Hover:
      m_Background: {fileID: 0}
      m_TextColor: {r: 0, g: 0, b: 0, a: 1}
    m_Active:
      m_Background: {fileID: 0}
      m_TextColor: {r: 0, g: 0, b: 0, a: 1}
    m_Focused:
      m_Background: {fileID: 0}
      m_TextColor: {r: 0, g: 0, b: 0, a: 1}
    m_OnNormal:
      m_Background: {fileID: 0}
      m_TextColor: {r: 0, g: 0, b: 0, a: 1}
    m_OnHover:
      m_Background: {fileID: 0}
      m_TextColor: {r: 0, g: 0, b: 0, a: 1}
    m_OnActive:
      m_Background: {fileID: 0}
      m_TextColor: {r: 0, g: 0, b: 0, a: 1}
    m_OnFocused:
      m_Background: {fileID: 0}
      m_TextColor: {r: 0, g: 0, b: 0, a: 1}
    m_Border:
      m_Left: 0
      m_Right: 0
      m_Top: 0
      m_Bottom: 0
    m_Margin:
      m_Left: 0
      m_Right: 0
      m_Top: 0
      m_Bottom: 0
    m_Padding:
      m_Left: 0
      m_Right: 0
      m_Top: 0
      m_Bottom: 0
    m_Overflow:
      m_Left: 0
      m_Right: 0
      m_Top: 0
      m_Bottom: 0
    m_Font: {fileID: 12800000, guid: 669a9aa568e7db04ca9a139c2a92011e, type: 3}
    m_FontSize: 36
    m_FontStyle: 1
    m_Alignment: 4
    m_WordWrap: 0
    m_RichText: 1
    m_TextClipping: 1
    m_ImagePosition: 0
    m_ContentOffset: {x: 0, y: 0}
    m_FixedWidth: 0
    m_FixedHeight: 0
    m_StretchWidth: 1
    m_StretchHeight: 0
  GUIStyleScreenMessageMessage:
    m_Name: 
    m_Normal:
      m_Background: {fileID: 0}
      m_TextColor: {r: 1, g: 1, b: 1, a: 1}
    m_Hover:
      m_Background: {fileID: 0}
      m_TextColor: {r: 0, g: 0, b: 0, a: 1}
    m_Active:
      m_Background: {fileID: 0}
      m_TextColor: {r: 0, g: 0, b: 0, a: 1}
    m_Focused:
      m_Background: {fileID: 0}
      m_TextColor: {r: 0, g: 0, b: 0, a: 1}
    m_OnNormal:
      m_Background: {fileID: 0}
      m_TextColor: {r: 0, g: 0, b: 0, a: 1}
    m_OnHover:
      m_Background: {fileID: 0}
      m_TextColor: {r: 0, g: 0, b: 0, a: 1}
    m_OnActive:
      m_Background: {fileID: 0}
      m_TextColor: {r: 0, g: 0, b: 0, a: 1}
    m_OnFocused:
      m_Background: {fileID: 0}
      m_TextColor: {r: 0, g: 0, b: 0, a: 1}
    m_Border:
      m_Left: 0
      m_Right: 0
      m_Top: 0
      m_Bottom: 0
    m_Margin:
      m_Left: 0
      m_Right: 0
      m_Top: 0
      m_Bottom: 0
    m_Padding:
      m_Left: 0
      m_Right: 0
      m_Top: 0
      m_Bottom: 0
    m_Overflow:
      m_Left: 0
      m_Right: 0
      m_Top: 0
      m_Bottom: 0
    m_Font: {fileID: 12800000, guid: 3028b76e8844d7247b46cf1bf0cfeffb, type: 3}
    m_FontSize: 18
    m_FontStyle: 1
    m_Alignment: 4
    m_WordWrap: 0
    m_RichText: 1
    m_TextClipping: 1
    m_ImagePosition: 0
    m_ContentOffset: {x: 0, y: 0}
    m_FixedWidth: 0
    m_FixedHeight: 0
    m_StretchWidth: 1
    m_StretchHeight: 0
  GUIStyleScreenProgressMessage:
    m_Name: 
    m_Normal:
      m_Background: {fileID: 0}
      m_TextColor: {r: 1, g: .91922003, b: 0, a: 1}
    m_Hover:
      m_Background: {fileID: 0}
      m_TextColor: {r: 0, g: 0, b: 0, a: 1}
    m_Active:
      m_Background: {fileID: 0}
      m_TextColor: {r: 0, g: 0, b: 0, a: 1}
    m_Focused:
      m_Background: {fileID: 0}
      m_TextColor: {r: 0, g: 0, b: 0, a: 1}
    m_OnNormal:
      m_Background: {fileID: 0}
      m_TextColor: {r: 0, g: 0, b: 0, a: 1}
    m_OnHover:
      m_Background: {fileID: 0}
      m_TextColor: {r: 0, g: 0, b: 0, a: 1}
    m_OnActive:
      m_Background: {fileID: 0}
      m_TextColor: {r: 0, g: 0, b: 0, a: 1}
    m_OnFocused:
      m_Background: {fileID: 0}
      m_TextColor: {r: 0, g: 0, b: 0, a: 1}
    m_Border:
      m_Left: 0
      m_Right: 0
      m_Top: 0
      m_Bottom: 0
    m_Margin:
      m_Left: 0
      m_Right: 0
      m_Top: 0
      m_Bottom: 0
    m_Padding:
      m_Left: 0
      m_Right: 0
      m_Top: 0
      m_Bottom: 0
    m_Overflow:
      m_Left: 0
      m_Right: 0
      m_Top: 0
      m_Bottom: 0
    m_Font: {fileID: 12800000, guid: 3028b76e8844d7247b46cf1bf0cfeffb, type: 3}
    m_FontSize: 22
    m_FontStyle: 0
    m_Alignment: 4
    m_WordWrap: 0
    m_RichText: 1
    m_TextClipping: 1
    m_ImagePosition: 3
    m_ContentOffset: {x: 0, y: 0}
    m_FixedWidth: 0
    m_FixedHeight: 0
    m_StretchWidth: 1
    m_StretchHeight: 0
  GUIStyleTooltipItemDescription:
    m_Name: 
    m_Normal:
      m_Background: {fileID: 0}
      m_TextColor: {r: 1, g: .860139847, b: 0, a: 1}
    m_Hover:
      m_Background: {fileID: 0}
      m_TextColor: {r: 0, g: 0, b: 0, a: 1}
    m_Active:
      m_Background: {fileID: 0}
      m_TextColor: {r: 0, g: 0, b: 0, a: 1}
    m_Focused:
      m_Background: {fileID: 0}
      m_TextColor: {r: 0, g: 0, b: 0, a: 1}
    m_OnNormal:
      m_Background: {fileID: 0}
      m_TextColor: {r: 0, g: 0, b: 0, a: 1}
    m_OnHover:
      m_Background: {fileID: 0}
      m_TextColor: {r: 0, g: 0, b: 0, a: 1}
    m_OnActive:
      m_Background: {fileID: 0}
      m_TextColor: {r: 0, g: 0, b: 0, a: 1}
    m_OnFocused:
      m_Background: {fileID: 0}
      m_TextColor: {r: 0, g: 0, b: 0, a: 1}
    m_Border:
      m_Left: 0
      m_Right: 0
      m_Top: 0
      m_Bottom: 0
    m_Margin:
      m_Left: 0
      m_Right: 0
      m_Top: 0
      m_Bottom: 0
    m_Padding:
      m_Left: 0
      m_Right: 0
      m_Top: 0
      m_Bottom: 0
    m_Overflow:
      m_Left: 0
      m_Right: 0
      m_Top: 0
      m_Bottom: 0
    m_Font: {fileID: 12800000, guid: b87416a7a470bb9449615cbbae67a8a9, type: 3}
    m_FontSize: 13
    m_FontStyle: 1
    m_Alignment: 0
    m_WordWrap: 1
    m_RichText: 1
    m_TextClipping: 1
    m_ImagePosition: 3
    m_ContentOffset: {x: 0, y: 0}
    m_FixedWidth: 0
    m_FixedHeight: 0
    m_StretchWidth: 0
    m_StretchHeight: 0
  GUIStyleTooltipItemInfo:
    m_Name: 
    m_Normal:
      m_Background: {fileID: 0}
      m_TextColor: {r: 1, g: 1, b: 1, a: 1}
    m_Hover:
      m_Background: {fileID: 0}
      m_TextColor: {r: 0, g: 0, b: 0, a: 1}
    m_Active:
      m_Background: {fileID: 0}
      m_TextColor: {r: 0, g: 0, b: 0, a: 1}
    m_Focused:
      m_Background: {fileID: 0}
      m_TextColor: {r: 0, g: 0, b: 0, a: 1}
    m_OnNormal:
      m_Background: {fileID: 0}
      m_TextColor: {r: 0, g: 0, b: 0, a: 1}
    m_OnHover:
      m_Background: {fileID: 0}
      m_TextColor: {r: 0, g: 0, b: 0, a: 1}
    m_OnActive:
      m_Background: {fileID: 0}
      m_TextColor: {r: 0, g: 0, b: 0, a: 1}
    m_OnFocused:
      m_Background: {fileID: 0}
      m_TextColor: {r: 0, g: 0, b: 0, a: 1}
    m_Border:
      m_Left: 0
      m_Right: 0
      m_Top: 0
      m_Bottom: 0
    m_Margin:
      m_Left: 0
      m_Right: 0
      m_Top: 0
      m_Bottom: 0
    m_Padding:
      m_Left: 0
      m_Right: 0
      m_Top: 0
      m_Bottom: 0
    m_Overflow:
      m_Left: 0
      m_Right: 0
      m_Top: 0
      m_Bottom: 0
    m_Font: {fileID: 12800000, guid: b87416a7a470bb9449615cbbae67a8a9, type: 3}
    m_FontSize: 11
    m_FontStyle: 0
    m_Alignment: 0
    m_WordWrap: 1
    m_RichText: 1
    m_TextClipping: 1
    m_ImagePosition: 0
    m_ContentOffset: {x: 0, y: 0}
    m_FixedWidth: 0
    m_FixedHeight: 0
    m_StretchWidth: 0
    m_StretchHeight: 0
  GUIStyleTooltipItemInfoUse:
    m_Name: 
    m_Normal:
      m_Background: {fileID: 0}
      m_TextColor: {r: 0, g: 1, b: .0769231319, a: 1}
    m_Hover:
      m_Background: {fileID: 0}
      m_TextColor: {r: 0, g: 0, b: 0, a: 1}
    m_Active:
      m_Background: {fileID: 0}
      m_TextColor: {r: 0, g: 0, b: 0, a: 1}
    m_Focused:
      m_Background: {fileID: 0}
      m_TextColor: {r: 0, g: 0, b: 0, a: 1}
    m_OnNormal:
      m_Background: {fileID: 0}
      m_TextColor: {r: 0, g: 0, b: 0, a: 1}
    m_OnHover:
      m_Background: {fileID: 0}
      m_TextColor: {r: 0, g: 0, b: 0, a: 1}
    m_OnActive:
      m_Background: {fileID: 0}
      m_TextColor: {r: 0, g: 0, b: 0, a: 1}
    m_OnFocused:
      m_Background: {fileID: 0}
      m_TextColor: {r: 0, g: 0, b: 0, a: 1}
    m_Border:
      m_Left: 0
      m_Right: 0
      m_Top: 0
      m_Bottom: 0
    m_Margin:
      m_Left: 0
      m_Right: 0
      m_Top: 0
      m_Bottom: 0
    m_Padding:
      m_Left: 0
      m_Right: 0
      m_Top: 0
      m_Bottom: 0
    m_Overflow:
      m_Left: 0
      m_Right: 0
      m_Top: 0
      m_Bottom: 0
    m_Font: {fileID: 12800000, guid: b87416a7a470bb9449615cbbae67a8a9, type: 3}
    m_FontSize: 13
    m_FontStyle: 1
    m_Alignment: 0
    m_WordWrap: 1
    m_RichText: 1
    m_TextClipping: 1
    m_ImagePosition: 0
    m_ContentOffset: {x: 0, y: 0}
    m_FixedWidth: 0
    m_FixedHeight: 0
    m_StretchWidth: 0
    m_StretchHeight: 0
  GUIStyleTooltipItemName:
    m_Name: 
    m_Normal:
      m_Background: {fileID: 0}
      m_TextColor: {r: 1, g: 1, b: 1, a: 1}
    m_Hover:
      m_Background: {fileID: 0}
      m_TextColor: {r: 0, g: 0, b: 0, a: 1}
    m_Active:
      m_Background: {fileID: 0}
      m_TextColor: {r: 0, g: 0, b: 0, a: 1}
    m_Focused:
      m_Background: {fileID: 0}
      m_TextColor: {r: 0, g: 0, b: 0, a: 1}
    m_OnNormal:
      m_Background: {fileID: 0}
      m_TextColor: {r: 0, g: 0, b: 0, a: 1}
    m_OnHover:
      m_Background: {fileID: 0}
      m_TextColor: {r: 0, g: 0, b: 0, a: 1}
    m_OnActive:
      m_Background: {fileID: 0}
      m_TextColor: {r: 0, g: 0, b: 0, a: 1}
    m_OnFocused:
      m_Background: {fileID: 0}
      m_TextColor: {r: 0, g: 0, b: 0, a: 1}
    m_Border:
      m_Left: 0
      m_Right: 0
      m_Top: 0
      m_Bottom: 0
    m_Margin:
      m_Left: 0
      m_Right: 0
      m_Top: 0
      m_Bottom: 0
    m_Padding:
      m_Left: 0
      m_Right: 0
      m_Top: 0
      m_Bottom: 0
    m_Overflow:
      m_Left: 0
      m_Right: 0
      m_Top: 0
      m_Bottom: 0
    m_Font: {fileID: 12800000, guid: 3028b76e8844d7247b46cf1bf0cfeffb, type: 3}
    m_FontSize: 16
    m_FontStyle: 0
    m_Alignment: 0
    m_WordWrap: 1
    m_RichText: 1
    m_TextClipping: 1
    m_ImagePosition: 3
    m_ContentOffset: {x: 0, y: 0}
    m_FixedWidth: 0
    m_FixedHeight: 0
    m_StretchWidth: 1
    m_StretchHeight: 0
  GUIStyleTooltipNpcHostility:
    m_Name: 
    m_Normal:
      m_Background: {fileID: 0}
      m_TextColor: {r: 0, g: 1, b: .139275789, a: 1}
    m_Hover:
      m_Background: {fileID: 0}
      m_TextColor: {r: 0, g: 0, b: 0, a: 1}
    m_Active:
      m_Background: {fileID: 0}
      m_TextColor: {r: 0, g: 0, b: 0, a: 1}
    m_Focused:
      m_Background: {fileID: 0}
      m_TextColor: {r: 0, g: 0, b: 0, a: 1}
    m_OnNormal:
      m_Background: {fileID: 0}
      m_TextColor: {r: 0, g: 0, b: 0, a: 1}
    m_OnHover:
      m_Background: {fileID: 0}
      m_TextColor: {r: 0, g: 0, b: 0, a: 1}
    m_OnActive:
      m_Background: {fileID: 0}
      m_TextColor: {r: 0, g: 0, b: 0, a: 1}
    m_OnFocused:
      m_Background: {fileID: 0}
      m_TextColor: {r: 0, g: 0, b: 0, a: 1}
    m_Border:
      m_Left: 0
      m_Right: 0
      m_Top: 0
      m_Bottom: 0
    m_Margin:
      m_Left: 0
      m_Right: 0
      m_Top: 0
      m_Bottom: 0
    m_Padding:
      m_Left: 0
      m_Right: 0
      m_Top: 0
      m_Bottom: 0
    m_Overflow:
      m_Left: 0
      m_Right: 0
      m_Top: 0
      m_Bottom: 0
    m_Font: {fileID: 12800000, guid: b87416a7a470bb9449615cbbae67a8a9, type: 3}
    m_FontSize: 12
    m_FontStyle: 0
    m_Alignment: 0
    m_WordWrap: 0
    m_RichText: 1
    m_TextClipping: 1
    m_ImagePosition: 3
    m_ContentOffset: {x: 0, y: 0}
    m_FixedWidth: 0
    m_FixedHeight: 0
    m_StretchWidth: 1
    m_StretchHeight: 0
  GUIStyleTooltipNpcName:
    m_Name: 
    m_Normal:
      m_Background: {fileID: 0}
      m_TextColor: {r: 1, g: 1, b: 1, a: 1}
    m_Hover:
      m_Background: {fileID: 0}
      m_TextColor: {r: 0, g: 0, b: 0, a: 1}
    m_Active:
      m_Background: {fileID: 0}
      m_TextColor: {r: 0, g: 0, b: 0, a: 1}
    m_Focused:
      m_Background: {fileID: 0}
      m_TextColor: {r: 0, g: 0, b: 0, a: 1}
    m_OnNormal:
      m_Background: {fileID: 0}
      m_TextColor: {r: 0, g: 0, b: 0, a: 1}
    m_OnHover:
      m_Background: {fileID: 0}
      m_TextColor: {r: 0, g: 0, b: 0, a: 1}
    m_OnActive:
      m_Background: {fileID: 0}
      m_TextColor: {r: 0, g: 0, b: 0, a: 1}
    m_OnFocused:
      m_Background: {fileID: 0}
      m_TextColor: {r: 0, g: 0, b: 0, a: 1}
    m_Border:
      m_Left: 0
      m_Right: 0
      m_Top: 0
      m_Bottom: 0
    m_Margin:
      m_Left: 0
      m_Right: 0
      m_Top: 0
      m_Bottom: 0
    m_Padding:
      m_Left: 0
      m_Right: 0
      m_Top: 0
      m_Bottom: 0
    m_Overflow:
      m_Left: 0
      m_Right: 0
      m_Top: 0
      m_Bottom: 0
    m_Font: {fileID: 12800000, guid: b87416a7a470bb9449615cbbae67a8a9, type: 3}
    m_FontSize: 15
    m_FontStyle: 0
    m_Alignment: 0
    m_WordWrap: 0
    m_RichText: 1
    m_TextClipping: 1
    m_ImagePosition: 3
    m_ContentOffset: {x: 0, y: 0}
    m_FixedWidth: 0
    m_FixedHeight: 0
    m_StretchWidth: 1
    m_StretchHeight: 0
  GUIStyleTooltipInfo:
    m_Name: 
    m_Normal:
      m_Background: {fileID: 0}
      m_TextColor: {r: 1, g: .843137264, b: 0, a: 1}
    m_Hover:
      m_Background: {fileID: 0}
      m_TextColor: {r: 0, g: 0, b: 0, a: 1}
    m_Active:
      m_Background: {fileID: 0}
      m_TextColor: {r: 0, g: 0, b: 0, a: 1}
    m_Focused:
      m_Background: {fileID: 0}
      m_TextColor: {r: 0, g: 0, b: 0, a: 1}
    m_OnNormal:
      m_Background: {fileID: 0}
      m_TextColor: {r: 0, g: 0, b: 0, a: 1}
    m_OnHover:
      m_Background: {fileID: 0}
      m_TextColor: {r: 0, g: 0, b: 0, a: 1}
    m_OnActive:
      m_Background: {fileID: 0}
      m_TextColor: {r: 0, g: 0, b: 0, a: 1}
    m_OnFocused:
      m_Background: {fileID: 0}
      m_TextColor: {r: 0, g: 0, b: 0, a: 1}
    m_Border:
      m_Left: 0
      m_Right: 0
      m_Top: 0
      m_Bottom: 0
    m_Margin:
      m_Left: 0
      m_Right: 0
      m_Top: 0
      m_Bottom: 0
    m_Padding:
      m_Left: 0
      m_Right: 0
      m_Top: 0
      m_Bottom: 0
    m_Overflow:
      m_Left: 0
      m_Right: 0
      m_Top: 0
      m_Bottom: 0
    m_Font: {fileID: 10102, guid: 0000000000000000e000000000000000, type: 0}
    m_FontSize: 11
    m_FontStyle: 0
    m_Alignment: 0
    m_WordWrap: 1
    m_RichText: 0
    m_TextClipping: 0
    m_ImagePosition: 0
    m_ContentOffset: {x: 0, y: 0}
    m_FixedWidth: 0
    m_FixedHeight: 0
    m_StretchWidth: 1
    m_StretchHeight: 0
  GUIStyleWindow:
    m_Name: 
    m_Normal:
      m_Background: {fileID: 0}
      m_TextColor: {r: 0, g: 0, b: 0, a: 1}
    m_Hover:
      m_Background: {fileID: 0}
      m_TextColor: {r: 0, g: 0, b: 0, a: 1}
    m_Active:
      m_Background: {fileID: 0}
      m_TextColor: {r: 0, g: 0, b: 0, a: 1}
    m_Focused:
      m_Background: {fileID: 0}
      m_TextColor: {r: 0, g: 0, b: 0, a: 1}
    m_OnNormal:
      m_Background: {fileID: 0}
      m_TextColor: {r: 0, g: 0, b: 0, a: 1}
    m_OnHover:
      m_Background: {fileID: 0}
      m_TextColor: {r: 0, g: 0, b: 0, a: 1}
    m_OnActive:
      m_Background: {fileID: 0}
      m_TextColor: {r: 0, g: 0, b: 0, a: 1}
    m_OnFocused:
      m_Background: {fileID: 0}
      m_TextColor: {r: 0, g: 0, b: 0, a: 1}
    m_Border:
      m_Left: 1
      m_Right: 1
      m_Top: 1
      m_Bottom: 1
    m_Margin:
      m_Left: 0
      m_Right: 0
      m_Top: 0
      m_Bottom: 0
    m_Padding:
      m_Left: 0
      m_Right: 0
      m_Top: 0
      m_Bottom: 0
    m_Overflow:
      m_Left: 0
      m_Right: 0
      m_Top: 0
      m_Bottom: 0
    m_Font: {fileID: 0}
    m_FontSize: 0
    m_FontStyle: 0
    m_Alignment: 0
    m_WordWrap: 0
    m_RichText: 1
    m_TextClipping: 1
    m_ImagePosition: 0
    m_ContentOffset: {x: 0, y: 0}
    m_FixedWidth: 0
    m_FixedHeight: 0
    m_StretchWidth: 0
    m_StretchHeight: 0
  GUIStyleWindowInteractionContent:
    m_Name: 
    m_Normal:
      m_Background: {fileID: 0}
      m_TextColor: {r: 1, g: 1, b: 1, a: 1}
    m_Hover:
      m_Background: {fileID: 0}
      m_TextColor: {r: 0, g: 0, b: 0, a: 1}
    m_Active:
      m_Background: {fileID: 0}
      m_TextColor: {r: 0, g: 0, b: 0, a: 1}
    m_Focused:
      m_Background: {fileID: 0}
      m_TextColor: {r: 0, g: 0, b: 0, a: 1}
    m_OnNormal:
      m_Background: {fileID: 0}
      m_TextColor: {r: 0, g: 0, b: 0, a: 1}
    m_OnHover:
      m_Background: {fileID: 0}
      m_TextColor: {r: 0, g: 0, b: 0, a: 1}
    m_OnActive:
      m_Background: {fileID: 0}
      m_TextColor: {r: 0, g: 0, b: 0, a: 1}
    m_OnFocused:
      m_Background: {fileID: 0}
      m_TextColor: {r: 0, g: 0, b: 0, a: 1}
    m_Border:
      m_Left: 0
      m_Right: 0
      m_Top: 0
      m_Bottom: 0
    m_Margin:
      m_Left: 0
      m_Right: 0
      m_Top: 0
      m_Bottom: 0
    m_Padding:
      m_Left: 0
      m_Right: 0
      m_Top: 0
      m_Bottom: 0
    m_Overflow:
      m_Left: 0
      m_Right: 0
      m_Top: 0
      m_Bottom: 0
    m_Font: {fileID: 12800000, guid: b87416a7a470bb9449615cbbae67a8a9, type: 3}
    m_FontSize: 13
    m_FontStyle: 0
    m_Alignment: 0
    m_WordWrap: 1
    m_RichText: 0
    m_TextClipping: 0
    m_ImagePosition: 3
    m_ContentOffset: {x: 0, y: 0}
    m_FixedWidth: 310
    m_FixedHeight: 0
    m_StretchWidth: 1
    m_StretchHeight: 0
  GUIStyleWindowContextMenu:
    m_Name: 
    m_Normal:
      m_Background: {fileID: 2800000, guid: c6f23da3acfb07249825412d578971c6, type: 3}
      m_TextColor: {r: 0, g: 0, b: 0, a: 1}
    m_Hover:
      m_Background: {fileID: 0}
      m_TextColor: {r: 0, g: 0, b: 0, a: 1}
    m_Active:
      m_Background: {fileID: 0}
      m_TextColor: {r: 0, g: 0, b: 0, a: 1}
    m_Focused:
      m_Background: {fileID: 0}
      m_TextColor: {r: 0, g: 0, b: 0, a: 1}
    m_OnNormal:
      m_Background: {fileID: 0}
      m_TextColor: {r: 0, g: 0, b: 0, a: 1}
    m_OnHover:
      m_Background: {fileID: 0}
      m_TextColor: {r: 0, g: 0, b: 0, a: 1}
    m_OnActive:
      m_Background: {fileID: 0}
      m_TextColor: {r: 0, g: 0, b: 0, a: 1}
    m_OnFocused:
      m_Background: {fileID: 0}
      m_TextColor: {r: 0, g: 0, b: 0, a: 1}
    m_Border:
      m_Left: 4
      m_Right: 4
      m_Top: 4
      m_Bottom: 4
    m_Margin:
      m_Left: 0
      m_Right: 0
      m_Top: 0
      m_Bottom: 0
    m_Padding:
      m_Left: 0
      m_Right: 0
      m_Top: 0
      m_Bottom: 0
    m_Overflow:
      m_Left: 0
      m_Right: 0
      m_Top: 0
      m_Bottom: 0
    m_Font: {fileID: 0}
    m_FontSize: 0
    m_FontStyle: 0
    m_Alignment: 0
    m_WordWrap: 0
    m_RichText: 1
    m_TextClipping: 0
    m_ImagePosition: 0
    m_ContentOffset: {x: 0, y: 0}
    m_FixedWidth: 0
    m_FixedHeight: 0
    m_StretchWidth: 1
    m_StretchHeight: 0
  GUIStyleWindowTitle:
    m_Name: 
    m_Normal:
      m_Background: {fileID: 0}
      m_TextColor: {r: .996078432, g: .988235295, b: .866666675, a: 1}
    m_Hover:
      m_Background: {fileID: 0}
      m_TextColor: {r: 0, g: 0, b: 0, a: 1}
    m_Active:
      m_Background: {fileID: 0}
      m_TextColor: {r: 0, g: 0, b: 0, a: 1}
    m_Focused:
      m_Background: {fileID: 0}
      m_TextColor: {r: 0, g: 0, b: 0, a: 1}
    m_OnNormal:
      m_Background: {fileID: 0}
      m_TextColor: {r: 0, g: 0, b: 0, a: 1}
    m_OnHover:
      m_Background: {fileID: 0}
      m_TextColor: {r: 0, g: 0, b: 0, a: 1}
    m_OnActive:
      m_Background: {fileID: 0}
      m_TextColor: {r: 0, g: 0, b: 0, a: 1}
    m_OnFocused:
      m_Background: {fileID: 0}
      m_TextColor: {r: 0, g: 0, b: 0, a: 1}
    m_Border:
      m_Left: 0
      m_Right: 0
      m_Top: 0
      m_Bottom: 0
    m_Margin:
      m_Left: 0
      m_Right: 0
      m_Top: 0
      m_Bottom: 0
    m_Padding:
      m_Left: 0
      m_Right: 0
      m_Top: 0
      m_Bottom: 0
    m_Overflow:
      m_Left: 0
      m_Right: 0
      m_Top: 0
      m_Bottom: 0
    m_Font: {fileID: 12800000, guid: b87416a7a470bb9449615cbbae67a8a9, type: 3}
    m_FontSize: 18
    m_FontStyle: 1
    m_Alignment: 3
    m_WordWrap: 0
    m_RichText: 0
    m_TextClipping: 1
    m_ImagePosition: 3
    m_ContentOffset: {x: 0, y: 0}
    m_FixedWidth: 0
    m_FixedHeight: 0
    m_StretchWidth: 1
    m_StretchHeight: 0
  GUIStyleWindowTooltip:
    m_Name: 
    m_Normal:
      m_Background: {fileID: 2800000, guid: ef91452e95ab766458ec27864b8532e3, type: 3}
      m_TextColor: {r: 1, g: 1, b: 1, a: 1}
    m_Hover:
      m_Background: {fileID: 0}
      m_TextColor: {r: 0, g: 0, b: 0, a: 1}
    m_Active:
      m_Background: {fileID: 0}
      m_TextColor: {r: 0, g: 0, b: 0, a: 1}
    m_Focused:
      m_Background: {fileID: 0}
      m_TextColor: {r: 0, g: 0, b: 0, a: 1}
    m_OnNormal:
      m_Background: {fileID: 0}
      m_TextColor: {r: 0, g: 0, b: 0, a: 1}
    m_OnHover:
      m_Background: {fileID: 0}
      m_TextColor: {r: 0, g: 0, b: 0, a: 1}
    m_OnActive:
      m_Background: {fileID: 0}
      m_TextColor: {r: 0, g: 0, b: 0, a: 1}
    m_OnFocused:
      m_Background: {fileID: 0}
      m_TextColor: {r: 0, g: 0, b: 0, a: 1}
    m_Border:
      m_Left: 1
      m_Right: 1
      m_Top: 1
      m_Bottom: 1
    m_Margin:
      m_Left: 0
      m_Right: 0
      m_Top: 0
      m_Bottom: 0
    m_Padding:
      m_Left: 0
      m_Right: 0
      m_Top: 0
      m_Bottom: 0
    m_Overflow:
      m_Left: 0
      m_Right: 0
      m_Top: 0
      m_Bottom: 0
    m_Font: {fileID: 12800000, guid: b87416a7a470bb9449615cbbae67a8a9, type: 3}
    m_FontSize: 14
    m_FontStyle: 1
    m_Alignment: 0
    m_WordWrap: 0
    m_RichText: 0
    m_TextClipping: 1
    m_ImagePosition: 0
    m_ContentOffset: {x: 0, y: 0}
    m_FixedWidth: 0
    m_FixedHeight: 0
    m_StretchWidth: 0
    m_StretchHeight: 0
  GUIStyleWindowCharacterCreation:
    m_Name: 
    m_Normal:
      m_Background: {fileID: 2800000, guid: 05af0427932d5ac45aa75d7f15a26954, type: 3}
      m_TextColor: {r: 1, g: 1, b: .823529422, a: 1}
    m_Hover:
      m_Background: {fileID: 0}
      m_TextColor: {r: 0, g: 0, b: 0, a: 1}
    m_Active:
      m_Background: {fileID: 0}
      m_TextColor: {r: 0, g: 0, b: 0, a: 1}
    m_Focused:
      m_Background: {fileID: 0}
      m_TextColor: {r: 0, g: 0, b: 0, a: 1}
    m_OnNormal:
      m_Background: {fileID: 0}
      m_TextColor: {r: 0, g: 0, b: 0, a: 1}
    m_OnHover:
      m_Background: {fileID: 0}
      m_TextColor: {r: 0, g: 0, b: 0, a: 1}
    m_OnActive:
      m_Background: {fileID: 0}
      m_TextColor: {r: 0, g: 0, b: 0, a: 1}
    m_OnFocused:
      m_Background: {fileID: 0}
      m_TextColor: {r: 0, g: 0, b: 0, a: 1}
    m_Border:
      m_Left: 5
      m_Right: 5
      m_Top: 5
      m_Bottom: 5
    m_Margin:
      m_Left: 0
      m_Right: 0
      m_Top: 0
      m_Bottom: 0
    m_Padding:
      m_Left: 0
      m_Right: 0
      m_Top: 12
      m_Bottom: 0
    m_Overflow:
      m_Left: 0
      m_Right: 0
      m_Top: 0
      m_Bottom: 0
    m_Font: {fileID: 12800000, guid: ed00c312f5112f94a9f173af44d8ccf1, type: 3}
    m_FontSize: 14
    m_FontStyle: 1
    m_Alignment: 1
    m_WordWrap: 0
    m_RichText: 0
    m_TextClipping: 1
    m_ImagePosition: 0
    m_ContentOffset: {x: 0, y: 0}
    m_FixedWidth: 0
    m_FixedHeight: 0
    m_StretchWidth: 0
    m_StretchHeight: 0
  DefaultSkin: {fileID: 11400000, guid: d8eb759f7ae951741a6ba551c93f8632, type: 2}
  ColorGame: {r: 1, g: .835654557, b: 0, a: 1}
  ColorParty: {r: 0, g: .664335489, b: 1, a: 1}
  ColorGuild: {r: 0, g: 1, b: .00557088852, a: 1}
  ColorGeneral: {r: 1, g: 1, b: 1, a: 1}
  ColorTell: {r: 1, g: .603809297, b: .6726771, a: 1}
  ChannelColorParty: {r: 0, g: .503466845, b: .76119405, a: 1}
  ChannelColorGuild: {r: 0, g: .75373137, b: 0, a: 1}
  ChannelColorGeneral: {r: 1, g: .967122436, b: .664179087, a: 1}
  ChannelColorTell: {r: 1, g: .268656731, b: .398995191, a: 1}
--- !u!114 &11400002
MonoBehaviour:
  m_ObjectHideFlags: 1
  m_PrefabParentObject: {fileID: 0}
  m_PrefabInternal: {fileID: 100100000}
  m_GameObject: {fileID: 100000}
  m_Enabled: 1
  m_EditorHideFlags: 0
  m_Script: {fileID: 11500000, guid: 3cee6d8dbec91ad4eae4b36ee5733012, type: 3}
  m_Name: 
  m_EditorClassIdentifier: 
--- !u!1001 &100100000
Prefab:
  m_ObjectHideFlags: 1
  serializedVersion: 2
  m_Modification:
    m_TransformParent: {fileID: 0}
    m_Modifications: []
    m_RemovedComponents: []
  m_ParentPrefab: {fileID: 0}
  m_RootGameObject: {fileID: 100000}
  m_IsPrefabParent: 1
  m_IsExploded: 1
